3230 5092
325 431 390 498 790
610 440 766 490 vntum!
783 433 935 488 MAXlMl
960 441 1030 488 ula.
1055 441 1133 490 Vlll.

327 587 473 652 tudinem
486 583 596 667 operis
612 581 826 646 alibidinoso
841 580 1014 664 cujusdam
1031 581 1212 664 complexu
1227 603 1342 668 parum
1359 593 1413 651 tu-

326 693 404 751 tam.
448 684 526 762 Quo
541 681 768 746 excusabilior
789 689 841 744 est
863 689 988 745 error¹4
1008 681 1096 763 equi,
1111 682 1172 763 qui
1185 683 1259 749 visa
1280 685 1412 769 pictura

325 804 432 868 equae,
446 783 608 847 hinnitum
629 781 725 845 edere
744 788 882 845 coactus
906 786 975 844 est:
998 791 1032 844 et
1053 785 1173 844 cauum
1195 783 1334 849 latratus
1356 801 1414 849 as-

325 891 427 968 pectu
453 884 591 966 pictae¹⁵
614 883 705 946 cauis
730 881 908 944 incitatus:
930 888 1118 963 taurusque.
1140 879 1184 945 ad
1209 901 1355 947 amorem
1376 891 1413 947 et

323 985 532 1048 concubitum
550 1002 654 1048 aeueae
667 1000 783 1047 vacca
805 981 981 1064 Syracusis
1000 982 1112 1046 nimiae
1127 983 1353 1047 similitudinis
1367 983 1412 1046 ir-

322 1083 498 1146 ritamento
513 1085 716 1165 compulsus.
752 1080 844 1158 Quid
858 1083 948 1145 euim
958 1100 1065 1145 vacua
1078 1081 1212 1144 rationis
1222 1083 1377 1146 animalia
1386 1081 1414 1120 ¹⁶

323 1189 396 1246 erte
416 1183 562 1264 decepta
582 1183 746 1258 miremur,
765 1201 842 1246 enm
863 1180 1007 1244 bominis
1028 1181 1226 1262 sacrilegam
1247 1180 1412 1264 cupidita-

323 1285 390 1344 tem
405 1283 487 1346 muti
501 1282 624 1364 lapidis
637 1281 843 1345 lineamentis
858 1280 1035 1348 excitatam
1049 1280 1246 1344 videamus?

365 1384 397 1445 5.
420 1381 573 1445 Ceterum
583 1389 608 1430 ¹⁷
630 1387 744 1444 natura
765 1380 1045 1462 quemadmodum
1066 1398 1296 1461 saepenumero
1309 1399 1412 1444 aemu·

322 1483 389 1545 lam
404 1482 524 1544 virium
547 1497 681 1544 suarum
703 1486 806 1545 artem
829 1500 907 1545 esse
928 1482 1063 1562 patitur,
1080 1481 1129 1543 ita
1149 1480 1326 1562 aliquando
1338 1481 1412 1544 irri-

321 1587 390 1644 tam
404 1579 493 1644 tesso
508 1582 623 1644 labore
638 1579 792 1644 dimittit:
813 1579 903 1661 quod
924 1577 1045 1642 summi
1064 1577 1199 1642 artificis
1214 1579 1408 1661 Euphrano-

320 1677 392 1743 ris¹²
413 1699 531 1744 manus
546 1683 730 1743 sensenmt.
774 1677 875 1754 Nam,
891 1697 966 1741 cum
982 1675 1126 1740 Athenis
1142 1694 1212 1741 xrr.
1228 1678 1322 1742 Deos
1336 1681 1409 1760 piu·

320 1785 424 1858 geret,
452 1779 600 1864 Neptuni
629 1779 805 1861 imaginem
833 1797 932 1860 quam
961 1783 1089 1860 poterat
1116 1778 1408 1842 excelleutissimis

320 1879 507 1961 mejestatis
534 1879 700 1944 coloribus
728 1879 925 1960 complexus
954 1887 1019 1954 cst,
1042 1878 1180 1960 perinde
1203 1877 1279 1941 ac¹⁸
1298 1877 1407 1952 Jovis,

320 1979 494 2061 aliquanto
510 1980 731 2062 augustiorem
747 1982 1052 2060 repraesentaturus.
1096 1977 1162 2040 Sed
1175 1978 1265 2040 omni
1279 1979 1406 2059 impetu

320 2078 535 2158 cogitationis
560 2077 781 2158 insuperiori
803 2096 903 2159 opere
925 2079 1091 2153 absumto,
1111 2078 1309 2158 posteriores
1333 2079 1407 2161 ejus

320 2183 458 2241 conatus
472 2197 658 2259 assurgere,
673 2197 740 2260 quo
755 2179 944 2255 tendebant,
959 2177 1189 2259 nequiverunt.

360 2276 392 2338 6.
415 2274 507 2352 Quid
522 2274 595 2339 ille¹
617 2278 698 2356 alter
713 2298 808 2360 aeque
819 2277 944 2341 nobilis
957 2279 1078 2359 pictor,
1087 2279 1275 2342 luctuosum
1290 2278 1406 2343 immo·

317 2375 396 2438 latae
412 2372 613 2456 Iphigeniael
635 2379 834 2442 sacrificium
848 2377 1005 2452 reserens,
1016 2397 1093 2442 cum
1107 2373 1310 2443 Calchanta*
1331 2379 1406 2444 tris·

775 2546 952 2567 annuunt

318 2650 382 2700 tales
394 2650 560 2715 repetitiones
570 2652 685 2715 ejusdem
701 2653 783 2715 serbi,
794 2661 822 2704 ut
830 2654 966 2703 Turranius
982 2654 1203 2706 observarit-14
1215 2658 1275 2707 Psr.
1291 2661 1315 2706 s.
1327 2656 1406 2706 Bsrb.

318 2718 343 2761 1.
359 2721 387 2762 et
400 2716 473 2765 Leid.
484 2721 510 2764 s.
523 2722 583 2766 met
593 2731 674 2774 mr
689 2717 784 2781 Ultrsj.
795 2722 819 2767 l.
835 2718 868 2766 sit
878 2723 1017 2766 mon-re
1033 2718 1124 2769 ‘Laid
1135 2735 1186 2770 see.
1195 2722 1258 2784 μίσει
1269 2735 1316 2784 pro
1324 2721 1406 2782 picta,

316 2783 346 2824 ut
357 2779 422 2826 solet
432 2779 475 2827 ille
487 2793 534 2842 pro
544 2796 566 2829 a
581 2779 678 2830 babere
688 2797 700 2830 e
711 2781 828 2844 simplex.
861 2781 954 2844 ltaque
963 2795 1021 2830 cum
1039 2781 1080 2832 bic
1090 2791 1181 2845 egetur
1196 2783 1229 2832 de
1245 2785 1407 2844 animalibus,

316 2853 372 2902 qnae
384 2849 491 2903 aspectu
502 2843 629 2905 pictarum
639 2845 680 2893 sni
691 2847 794 2908 generis
806 2843 967 2894 imminerunt
984 2846 1009 2892 in
1022 2859 1139 2894 venerem
1152 2853 1211 2894 eunt
1223 2859 1338 2903 accensa,
1356 2847 1404 2895 boe

316 2901 381 2952 sdeo
392 2918 479 2954 rerum
491 2907 611 2969 arbitror,
622 2914 652 2956 nt
663 2909 802 2956 restituere
819 2922 868 2956 non
881 2907 1012 2957 dubitem)
1029 2909 1125 2956 Turres.
1157 2908 1228 2968 Meg.
1240 2922 1297 2956 cum
1309 2908 1405 2970 Ultrsj.

315 2969 340 3014 Β.
350 2967 537 3031 manumittit,
546 2970 580 3020 ob
591 2971 783 3020 similitudinem
794 2972 895 3020 scilicet
903 2973 1033 3020 literarum
1043 2976 1111 3032 pedu
1121 2971 1147 3018 iu
1158 2974 1260 3031 aspectus,
1268 2976 1297 3018 ut
1307 2970 1404 3032 saepius

315 3027 346 3077 fit
356 3031 382 3078 in
393 3032 468 3081 codd.
502 3033 589 3083 Ceteri
600 3049 688 3084 omues
697 3034 795 3084 babent
802 3036 938 3098 piat—td
955 3035 997 3082 lts
1007 3032 1131 3094 Pighius;
1149 3033 1234 3093 piures
1250 3033 1327 3082 codd.
1344 3047 1405 3082 cum

315 3092 374 3142 edd.
390 3103 455 3146 vett.
471 3099 676 3147 minume-lt
693 3099 746 3148 Hic
764 3105 824 3147 aute
842 3097 959 3160 Piglrinnr
975 3095 1115 3157 incipiebat
1136 3110 1194 3159 esp.
1210 3109 1262 3146 xrs.
1280 3111 1337 3146 euru
1355 3099 1403 3146 boc

314 3155 406 3206 titulo:
428 3159 618 3214 Qsoedusssslln
635 3165 688 3210 crte
706 3161 766 3225 efflei
782 3176 865 3223 pesse,⁸
881 3167 908 3208 et
928 3160 965 3208 sic
984 3160 1010 3206 ln
1029 3158 1105 3208 codd.
1123 3160 1168 3208 sed
1189 3159 1250 3209 Per.
1261 3163 1286 3208 4.
1303 3159 1401 3208 babet:

319 3219 360 3267 De
370 3221 516 3282 quidusdam,
526 3236 608 3283 quam
619 3237 644 3272 c.
655 3237 675 3271 e.
681 3228 853 3285 ponunt—18
861 3225 968 3273 'l'crren
976 3230 1065 3271 censet
1070 3223 1203 3285 perisdem
1211 3223 1361 3272 mutandum
1378 3223 1404 3271 is

315 3283 399 3330 deinde
415 3288 460 3331 ets'
471 3284 591 3347 Guyetus
607 3285 694 3336 delere
712 3287 768 3335 vult
784 3287 903 3350 αὶὶςυαιιο
913 3285 1080 3348 madorem
1112 3287 1257 3350 Utrumque
1273 3287 1403 3349 improbat

800 3423 908 3474 Now

344 3507 356 3541 ¹¹
373 3509 547 3576 Euphranoris]
556 3512 665 3576 intituli,
674 3513 798 3578 pingendi
809 3524 838 3566 et
877 3531 945 3577 uon3
963 3521 1036 3567 teuta
1046 3517 1133 3566 subito
1148 3518 1256 3568 malscis
1266 3518 1357 3578 critm,
1373 3524 1402 3566 nt

311 3583 424 3648 fingendi
434 3591 491 3634 srte
511 3592 590 3636 atate
605 3601 652 3636 sna
662 3589 836 3652 laudatissimi,
876 3607 954 3640 usses
972 3607 1000 3642 se
1018 3607 1122 3642 morere
1138 3595 1195 3643 loco
1216 3608 1267 3642 uon
1279 3600 1399 3656 possent:

312 3667 380 3710 teste
399 3660 559 3712 Quintiliano
588 3661 631 3712 lib.
653 3676 706 3712 xrs.
746 3664 777 3713 ld
797 3672 836 3714 ta·
876 3668 1020 3717 consulitur
1041 3669 1188 3726 oraculum
1207 3669 1316 3716 Dianam
1333 3667 1405 3730 Aga·

311 3747 369 3782 suen
390 3734 518 3784 Prsslteli
539 3733 629 3784 trlbult
647 3736 789 3788 Pausanias
809 3739 835 3788 in
875 3745 1018 3793 memnonia
1038 3746 1161 3806 sangnine
1188 3746 1340 3806 placandam
1362 3759 1401 3794 re·

311 3807 418 3858 Atticis.
874 3817 993 3880 spondet.
1026 3817 1397 3881 Iphigenisillinsfilissddu·

342 3880 349 3913 ¹
366 3883 430 3938 st'd
440 3882 491 3945 ills]
506 3883 654 3932 Timanthes
665 3884 723 3935 fuit.
874 3892 950 3954 citur,
967 3877 1125 3954 jamjamque
1138 3891 1170 3938 sd
1181 3905 1251 3940 eram
1263 3891 1399 3941 msctsuds

342 3953 352 3995 ¹
377 3957 506 4006 lmine
525 3958 668 4022 Iphigenia]
697 3960 769 4009 Nota
793 3961 834 4010 sel
874 3973 940 4027 eret,
968 3980 1026 4014 enm
1054 3967 1079 4013 ln
1106 3965 1240 4013 Tauricam
1269 3965 1397 4028 regionem

310 4029 397 4088 pueris
414 4029 512 4080 fabula.
545 4033 609 4082 Cum
629 4034 717 4086 Graeci
738 4035 833 4084 sdAn·
873 4040 995 4088 translata
1011 4039 1349 4102 est,cerusquesnppoeita.

309 4101 388 4150 iidem
408 4105 547 4161 venisseut,
567 4122 669 4157 cervam
685 4109 777 4157 Disuee
795 4123 833 4157 ss·
905 4111 1075 4176 *caletustsJ
1097 4113 1228 4175 Augurem
1245 4113 1397 4166 Graecorum

310 4189 379 4225 cram
406 4176 555 4239 imprudens
578 4183 675 4231 cecidit
696 4182 832 4244 aganen-
871 4187 1054 4248 clarissimum
1078 4187 1263 4252 Agamemnon,
1283 4189 1399 4239 Mensis·
