3230 5110
323 433 403 482 car.
418 433 473 480 rx.
497 433 545 482 nn
570 433 712 482 nonar.
735 431 872 482 nonen
896 433 973 482 ann
997 433 1191 483 ronrnnn.
1233 418 1298 485 col

214 573 385 655 deposuit:
408 574 451 638 od
468 573 616 638 ultimum
633 580 734 637 totam
751 573 917 637 luxuriam
933 573 1039 650 exuit,
1053 573 1213 655 uniusque
1225 593 1298 639 ora-

213 673 311 738 tionis
337 675 552 740 saluherrima
577 675 745 739 medicina
769 682 919 751 moetus,
941 694 985 738 ex
1010 673 1126 738 infami
1153 693 1298 754 ganeone

210 775 374 840 maximus
403 775 626 859 Philosophus
649 778 782 854 evasitp
826 777 1058 859 Peregrinatns
1080 781 1167 840 est⁵⁵
1199 775 1297 860 hujus

211 876 338 945 animus
352 877 387 941 in
402 878 564 959 nequitie,
579 897 641 941 uon
654 877 828 942 habitavit.

251 976 285 1040 2.
307 976 405 1060 Piget
425 978 656 1044 Themistoclis
678 979 938 1044 adolescentiam
957 979 1216 1060 attingeremus
1236 998 1297 1064 pa·

208 1083 295 1158 trem
318 1081 492 1163 aspiciam,
517 1080 761 1146 abdicationisb
787 1081 1005 1166 injungentem
1015 1078 1043 1128 ⁵⁶
1074 1085 1197 1157 notam,
1222 1081 1296 1145 sine

207 1186 343 1245 matrem
361 1181 563 1264 suspendio⁰
584 1180 678 1245 linire
693 1181 795 1246 vitam
818 1188 955 1264 propter
975 1180 1036 1244 filii
1058 1181 1296 1263 turpitudinem

208 1286 380 1362 coactam
404 1301 481 1346 curn
510 1283 656 1346 omnium
685 1290 805 1366 postea
831 1282 927 1346 Graii
955 1282 1127 1363 sangoinis
1150 1283 1295 1348 virorum

208 1382 414 1447 clarissimus
438 1383 594 1461 extiterit,
620 1382 826 1466 mediumque
849 1383 995 1468 Europae
1020 1397 1054 1448 et
1073 1382 1168 1448 Asiae
1178 1390 1203 1432 ⁵⁷
1240 1381 1296 1448 vel

206 1484 280 1566 spei
304 1483 359 1549 vel
381 1484 622 1567 desperationis
645 1485 764 1566 pignus
789 1484 898 1549 suerii.
952 1484 1042 1548 Haec
1063 1485 1151 1548 enim
1174 1485 1296 1550 salutis

205 1601 281 1647 eum
305 1603 377 1649 suee
401 1591 578 1669 patronum
599 1582 742 1664 hahuit,d
765 1585 825 1650 illa
848 1584 967 1650 vadem
991 1585 1141 1650 victoriae
1165 1604 1297 1651 assum·

204 1679 277 1748 nit.⁸

248 1785 281 1848 3.
303 1784 471 1852 Cimonis·
494 1807 571 1853 vero
585 1787 789 1853 incunabula
809 1789 967 1872 opinione
991 1788 1143 1854 stultitiae
1164 1786 1295 1850 fuerant

206 1885 343 1952 referta:
373 1888 527 1972 ejusdem
554 1891 693 1974 imperia
702 1890 728 1937 ⁵⁸
758 1891 920 1956 salutaria
941 1890 1159 1955 Athenienses
1182 1905 1294 1952 sense-

205 1995 290 2052 runt.
332 1989 453 2074 Itaque
466 1991 577 2075 coegit
592 2013 654 2058 eos
670 1993 820 2079 stuporis
836 1993 1038 2078 semetipsos
1053 1992 1220 2068 damnare,
1235 1986 1294 2078 qui

204 2107 280 2154 enm
296 2092 456 2157 stolidum
471 2095 707 2160 crediderant*
1399 2161 1401 2168 ,

246 2191 279 2254 4.
299 2191 379 2256 Jam
387 2201 414 2244 ⁵⁹
436 2193 650 2261 Alcibiadem
660 2198 759 2281 qnasi
773 2197 850 2263 duee
868 2191 1031 2260 fortunee‘
1049 2190 1182 2276 partitae
1197 2187 1291 2250 sunt:

659 2358 839 2378 W

201 2449 265 2497 'l'ree
277 2449 354 2499 codd.
367 2451 475 2502 Torren.
487 2411 577 2503 delent
587 2459 697 2504 ean—oo
713 2454 785 2506 Solus
796 2454 892 2505 Cauch.
901 2456 1041 2514 ammeca,
1050 2465 1125 2516 quern
1136 2454 1240 2500 tecutna
1250 2451 1292 2496 est

201 2512 322 2574 Pighlne3
333 2513 377 2563 alil
387 2529 476 2566 omnes
485 2524 513 2566 et
521 2517 580 2567 edd.
590 2525 618 2568 et
626 2517 717 2584 scripti
728 2520 962 2582 injungentem-dt
980 2520 1046 2568 Aula
1053 2522 1077 2566 et
1087 2517 1190 2577 Earepoe
1199 2513 1292 2573 camp·

200 2575 297 2624 llrand.
309 2582 333 2626 1.
352 2586 380 2627 et
398 2582 512 2630 nonunlli
529 2582 606 2632 cedd.
623 2585 795 2634 Terram—⁵8
812 2584 879 2634 Edd.
891 2589 956 2632 vett.
968 2596 1026 2630 curn
1038 2580 1172 2629 duodecim
1182 2577 1292 2625 Torren.

201 2647 229 2687 et
247 2653 298 2689 nuo
315 2642 412 2692 Brund.
430 2645 532 2704 dam
545 2645 655 2696 dalfina
676 2649 794 2712 imperim
814 2648 859 2698 sed
874 2646 904 2695 ri
919 2647 1027 2696 alaudia
1046 2643 1182 2693 delendum
1197 2640 1293 2689 docent

199 2702 271 2764 Lipe.
289 2711 317 2752 et
328 2706 465 2756 Muretus:
486 2711 588 2769 eadem
601 2713 696 2774 peritia
711 2725 776 2761 unna
790 2714 890 2762 Donec.
902 2709 1187 2760 abenneudatore.-69
1202 2704 1290 2766 Vulgo

199 2774 261 2814 aute
280 2766 357 2829 Pigh.
370 2769 488 2830 domem
505 2772 581 2821 codd.
595 2775 704 2826 Terrae.
722 2777 820 2826 hahent
838 2775 931 2841 partim
952 2776 1026 2837 Nom,
1042 2773 1136 2838 partlm
1157 2771 1291 2818 «lom-⁶⁰

696 2912 801 2964 NOTAE

233 3035 446 3100 {Audiam
457 3033 726 3088 oenanthen
766 3036 835 3086 enim
853 3036 904 3085 solt
923 3042 1026 3099 patria,
1042 3055 1099 3088 enm
1123 3041 1238 3088 Xerxem
1257 3038 1290 3086 ad

201 3117 258 3164 ⁴22.
269 3112 334 3163 Aut.
344 3113 392 3163 Ch.
404 3116 463 3164 110.
766 3113 919 3163 Salaminam
938 3110 1021 3160 vicit:
1048 3111 1167 3158 ‘vadem’
1184 3125 1246 3159 vere
1264 3125 1292 3159 ee

239 3188 251 3222 ⁵
276 3189 449 3254 dedicationis]
479 3189 545 3241 Quae
571 3191 727 3240 contumelia
766 3187 890 3252 praeatltit
906 3186 1054 3246 Animum
1071 3185 1208 3235 Peraarum
1227 3185 1292 3249 Regi

200 3279 259 3314 eom
269 3277 320 3314 non
331 3262 419 3329 fregit,
429 3263 475 3313 aed
485 3265 579 3314 erexit:
591 3279 648 3314 cnm
657 3265 725 3314 enim
765 3262 905 3328 spopondit
920 3261 986 3319 t'ore,
997 3269 1026 3311 nt
1043 3259 1171 3312 Graeclam
1189 3273 1292 3310 omnem

195 3339 338 3404 judicasset
350 3339 407 3390 alne
417 3355 515 3390 eumuna
532 3339 658 3390 industria
674 3354 727 3390 non
765 3338 907 3404 subigeret,
921 3339 944 3388 ai
959 3352 1032 3387 annm
1052 3336 1185 3387 consillum
1196 3350 1289 3402 seque-

200 3431 275 3482 poaae
292 3431 348 3468 eam
364 3417 491 3481 extingui,
508 3423 590 3467 toturn
608 3431 636 3466 ae
653 3415 727 3467 dedlt
765 3421 846 3466 retur.

199 3492 369 3558 Reipublicae.
400 3491 443 3542 Ita
454 3492 589 3542 Cornelius
599 3493 696 3554 Nepos.
796 3491 812 3522 ⁸
827 3491 879 3544 An.
890 3491 928 3542 Μ.
939 3494 1012 3541 1571.
1025 3489 1069 3540 01.
1081 3493 1122 3539 li.
1139 3493 1163 3539 1.
1179 3485 1245 3540 Urh.
1256 3488 1288 3540 C.

231 3569 369 3618 ‘Maerens
394 3567 528 3632 merrdie]
554 3566 635 3617 Pater
655 3566 724 3617 illiue
763 3567 1020 3620 manucensis.

200 3645 314 3694 Neocles
329 3643 363 3692 ah
377 3643 660 3707 omnihneappellatur,
671 3657 724 3692 uua·
796 3649 807 3677 ⁸
825 3643 941 3706 chunia]
956 3642 1007 3693 Qui
1018 3638 1145 3690 Miltiadle
1155 3638 1236 3689 filine:
1254 3637 1289 3688 tle

199 3727 240 3769 ter
261 3720 293 3769 ah
310 3720 366 3769 aliie
382 3720 498 3783 Euterpe
518 3719 724 3781 Halicarnason,
765 3735 816 3784 quo
835 3720 918 3768 mnlla
934 3723 1021 3766 narrat
1041 3715 1113 3765 Plan.
1133 3715 1290 3777 turpissima,

199 3794 231 3844 ah
248 3794 304 3842 aliia
322 3793 493 3844 dhretemnur
514 3794 640 3856 ihreeea;
655 3794 723 3859 qnod
764 3810 822 3860 qua
840 3795 881 3844 hle
898 3791 995 3842 referre
1017 3790 1101 3855 pudor
1125 3794 1204 3838 vetat.
1228 3788 1290 3839 Jam

199 3885 262 3920 vero
275 3867 386 3920 affirmat
396 3869 525 3931 Valerios,
543 3868 612 3918 illarn
629 3871 723 3933 laqueo
764 3872 831 3922 illiue
841 3882 920 3932 sopra
929 3867 1098 3916 meminimus.

199 3946 246 3996 tihi
255 3947 340 4008 golam
352 3943 471 4010 fregisse,
481 3944 506 3994 id
518 3955 652 4006 secarent,
665 3955 723 3994 cnm
796 3955 808 4002 t
826 3946 875 3996 Aa.
888 3945 925 3993 Μ.
944 3947 1016 3991 35811.
1027 3941 1071 3990 01.
1083 3943 1125 3989 lo.
1136 3942 1160 3990 Ι.
1179 3937 1245 3990 Urh.
1257 3939 1289 3992 C.

198 4033 248 4071 neo
267 4021 403 4071 cornelius
423 4020 512 4084 Nepos
528 4021 684 4082 meminerit,
696 4028 724 4071 et
763 4019 891 4072 altuini.
902 4018 949 4068 Ch.
959 4021 1016 4067 411.

199 4095 355 4146 Plutarchua
366 4100 395 4146 nt
415 4107 513 4145 meram
531 4093 644 4146 tabulam
664 4095 725 4158 reji-
795 4089 1235 4156 ‘Alcibiadenpaaaidaaesortaaael
1250 4091 1288 4142 ll·

200 4171 261 4220 ciat·
763 4172 811 4224 lina
832 4167 963 4235 lugenlorn
981 4175 1009 4218 et
1026 4165 1137 4218 indolem
1154 4166 1289 4231 eleganter

241 4245 253 4280 ⁴
279 4248 411 4300 Patrem
437 4249 532 4315 hahuit]
556 4249 724 4301 ‘Patronus'
763 4241 893 4314 expressit
914 4243 1049 4296 Cornelius
1073 4243 1164 4310 Nepos
1179 4258 1193 4305 ς.
1213 4241 1286 4304 endu·
