3234 5110
296 391 362 458 (rso
592 403 750 456 vesunu
774 405 919 454 usxrur
945 406 1017 454 urs.
1040 405 1090 454 rr.

297 552 419 629 delata,
431 549 545 616 missis
558 549 678 633 legatis
693 549 856 632 Pyrrhrun
875 549 1013 626 monuit,
1040 554 1097 614 ‘ut
1111 549 1271 614 adversus
1285 551 1390 636 hujus

298 654 425 736 generis
435 647 463 689 ¹¹'
489 651 629 716 insidias
655 653 787 716 cautius
812 671 851 715 se
876 658 1002 734 gereret
1011 648 1031 715 τ’·
1062 670 1188 714 memor
1211 651 1339 716 Urbem
1366 673 1389 718 a

297 753 368 818 tilio
391 754 511 819 Martis
533 754 702 819 conditum
725 755 865 818 armis¹²
899 753 999 829 bella,
1023 766 1091 816 non
1114 752 1251 816 venenis
1278 772 1390 836 gerere

298 854 426 920 debere.
484 855 694 921 Timocharis
726 862 840 920 autern
865 873 983 919 nomen
1020 855 1219 937 suppressit,
1247 853 1389 937 ntro'que

297 955 397 1020 modo
405 957 594 1040 aequitatem
603 957 800 1039 amplexus:
822 956 902 1039 quia
916 973 978 1019 nec
988 955 1117 1018 hostem
1127 955 1218 1018 malo
1234 955 1390 1038 exemplo

298 1057 423 1135 tollere,
449 1077 555 1140 neque
578 1072 665 1134 eum,
690 1058 750 1139 qui
772 1058 855 1121 hene
869 1059 985 1120 mereri
1006 1062 1142 1138 paratus
1169 1056 1287 1132 fuerat,
1311 1075 1389 1139 pro-

300 1156 411 1221 dere¹³
433 1159 563 1224 voluitt

341 1259 374 1323 2.
397 1258 533 1322 Summa
564 1256 695 1340 justitia
721 1254 757 1319 in
786 1263 930 1338 quatuor
954 1274 1088 1339 quoque
1113 1257 1254 1320 tribunis
1278 1257 1391 1339 plebis

300 1359 415 1422 eodem
431 1363 578 1439 tempore
605 1363 782 1440 conspecta
806 1363 867 1420 est.
922 1355 1012 1420 Nam
1039 1376 1114 1420 cnm
1140 1355 1179 1420 C.
1194 1355 1392 1433 Atratino,¹⁴

300 1461 362 1522 suh
375 1478 443 1540 qno
458 1459 545 1522 duce
560 1457 668 1521 aciem
682 1466 832 1520 nostram
847 1455 938 1538 apud
952 1453 1194 1538 Verruginemh
1215 1475 1236 1520 a
1249 1455 1392 1521 Volscis

299 1559 490 1623 inclinatam
505 1579 581 1624 cnm
601 1561 723 1623 ceteris
736 1557 902 1640 equitibus
925 1562 1144 1634 correxerant,
1169 1557 1255 1621 diem
1271 1558 1315 1621 ad
1330 1575 1391 1642 po-

300 1661 417 1742 pulum
438 1659 477 1724 L.
495 1659 700 1724 Hortensius
716 1660 847 1741 collega
861 1678 974 1723 eorum
997 1659 1150 1736 dixisset,
1174 1679 1235 1743 pro
1253 1658 1391 1724 Rostris

297 1761 494 1845 juraverunt
516 1763 572 1825 ‘in
587 1762 744 1846 squalore
759 1780 798 1825 se
810 1780 898 1839 esse,
920 1760 1032 1843 quoad
1047 1761 1226 1843 imperator
1240 1762 1391 1843 ipsorum

300 1882 377 1926 reus
393 1869 481 1927 esset
493 1861 670 1928 futurus.'¹⁵
714 1862 793 1927 Non
808 1864 895 1927 euim
915 1863 1139 1926 sustinuerunt
1152 1861 1270 1944 egregii
1292 1861 1391 1944 juve-

300 1982 374 2040 nes,
403 1963 500 2048 cujus
527 1965 643 2028 armati
670 1963 855 2047 periculum
868 1963 1057 2028 vulneribus
1082 1970 1116 2027 et
1141 1963 1300 2044 sanguine
1327 1975 1392 2026 suo

302 2062 527 2141 defenderant,
549 2064 622 2148 ejus
641 2067 744 2147 togati
767 2064 918 2128 ultimum
935 2063 1122 2141 discrimen,
1140 2064 1313 2148 potestatis
1339 2064 1392 2126 in-

302 2165 410 2246 signia
424 2166 616 2241 retinentes,
635 2167 762 2230 intueri.
807 2164 885 2243 Qua
908 2165 1045 2249 justitia
1063 2172 1158 2230 mota
1179 2165 1312 2242 concio,
1335 2183 1392 2230 ac-

303 2264 393 2329 tione
409 2265 628 2329 Hortensium
651 2267 813 2331 desistere
828 2264 962 2349 coegit?

344 2363 378 2427 3.
401 2364 476 2430 Nec
492 2384 530 2430 se
545 2367 646 2432 etium
662 2368 760 2432 aliter
770 2365 797 2406 ¹⁶
818 2385 859 2430 eo
883 2366 989 2444 sacto,
1014 2368 1101 2449 quod
1124 2369 1283 2450 sequitur,
1299 2369 1392 2435 exbi-

303 2465 385 2531 bnit.
429 2465 515 2533 Cum
525 2467 580 2533 Ti.
595 2469 780 2548 Gracchus,
796 2475 832 2533 et
845 2466 884 2531 C.
900 2465 1084 2547 Claudius,i
1105 2473 1150 2536 ob
1164 2472 1263 2535 nimis
1278 2491 1393 2538 severe

751 2627 826 2649 um
827 2625 932 2648 OOOOOO

304 2721 358 2772 tius
380 2722 584 2776 admonuit-lt
608 2725 675 2777 Sunt
696 2725 740 2789 qui
760 2725 853 2788 generis
870 2723 994 2772 omittunt
1016 2718 1220 2784 improbantibus
1239 2718 1344 2766 Torren.
1367 2721 1395 2763 et

305 2785 458 2850 Repu-12
476 2789 545 2838 Ante
557 2791 708 2838 vocabulum
720 2791 794 2839 ermis
804 2789 921 2852 Pighius,
935 2788 1051 2847 Colerus,
1066 2792 1094 2833 et
1103 2784 1222 2833 vorstius
1234 2789 1257 2831 et
1269 2783 1395 2838 insemnt,

303 2849 373 2961 {¹¹⁰⁶
385 2865 445 2900 vero
454 2852 592 2902 Torrenius
601 2855 894 2917 expunxitanctoritete
911 2852 1022 2900 omnium
1043 2848 1119 2898 codd.
1138 2856 1167 2896 et
1185 2847 1246 2896 edd.
1263 2847 1395 2918 retu-18

330 2913 390 2962 itur.
402 2916 425 2964 l.
434 2918 604 2978 perdere—lt
620 2918 663 2967 Sic
680 2919 798 2977 Colcrus,
814 2933 871 2966 curn
893 2925 969 2965 entes
986 2916 1125 2977 legeretur,
1141 2927 1156 2960 c
1173 2911 1246 2960 hecto
1264 2909 1377 2957 Atruttrro
1385 2923 1396 2963 ,·

305 2976 351 3026 sed
362 2979 549 3029 emendandum
561 2980 599 3029 ita
609 2983 712 3031 censuit
724 2983 839 3046 Pighius,
856 2988 884 3028 et
894 2980 932 3028 itti
943 2978 1044 3028 emend.
1056 2974 1178 3041 quosdam
1199 2973 1276 3022 codd.
1297 2972 1394 3034 astipu-

305 3038 371 3090 latos
382 3041 471 3100 inisse,
488 3045 549 3094 licet
559 3044 703 3108 intelligere
722 3061 755 3094 ex
774 3047 829 3108 ejus
845 3045 931 3093 Fastis
948 3058 990 3092 en.
1007 3046 1063 3091 321.
1081 3037 1265 3089 intereshscio
1282 3037 1395 3084 retinent

305 3105 384 3155 codd.
402 3105 543 3156 tredecim:
562 3108 637 3158 Leid.
648 3115 673 3158 c.
690 3110 787 3158 etVet.
805 3121 944 3171 pronomen
967 3107 1072 3155 omittit.
1104 3105 1170 3153 Mox
1187 3101 1299 3150 nonnulli
1321 3097 1397 3147 codd.

304 3169 414 3220 Torreu.
424 3175 487 3234 apud
498 3173 715 3234 Feregiaem-lb
733 3173 883 3223 Perizonius
900 3171 949 3234 tegi
958 3170 1051 3232 jussit:
1069 3169 1145 3231 quoad
1154 3168 1283 3228 imperator
1293 3165 1396 3238 ipscnun

305 3247 358 3282 reus
368 3240 437 3296 estet,
446 3233 561 3293 ,testarent
578 3237 621 3285 cni
637 3237 794 3298 astipulatur
808 3236 918 3284 Torren.
935 3235 1067 3298 creditque
1086 3246 1146 3280 vere
1164 3231 1313 3278 emendasse
1324 3228 1398 3275 Perr-

306 3297 481 3347 sontum—rc
498 3299 609 3350 Quidem
620 3300 695 3349 codd.
708 3301 795 3350 delent
805 3301 892 3356 ubter,-
910 3298 1024 3347 nonnulii
1036 3311 1094 3346 cnm
1104 3297 1167 3344 Vet.
1180 3294 1231 3342 Nec
1248 3307 1273 3342 se
1293 3307 1319 3340 eo
1327 3291 1396 3348 secte

305 3363 367 3424 quod
376 3361 480 3424 canitur
489 3363 626 3412 dissimilem
637 3363 753 3413 exhibuit.
787 3363 861 3412 Heri.
872 3363 958 3411 Bitur.
970 3367 993 3411 1.
1004 3365 1030 3410 3.
1045 3367 1073 3409 et
1084 3359 1179 3408 Medic.
1190 3361 1213 3406 l.
1234 3363 1313 3406 totam
1330 3355 1396 3402 hene

306 3425 439 3488 periodum
450 3429 584 3478 omittunt.
617 3428 712 3490 Copes.
724 3426 845 3477 exhibet:
866 3427 916 3476 Nec
926 3440 950 3475 te
961 3425 1070 3486 eosucto,
1086 3425 1147 3487 quod
1162 3421 1276 3485 sequitur,
1290 3418 1396 3468 exhihuit

795 3567 905 3618 NOTAE

307 3691 358 3743 tuis
377 3692 479 3756 injuriis
497 3693 617 3744 commoti
633 3700 718 3743 tecum
735 3693 832 3744 bellare
872 3693 982 3744 Volscis.
1015 3692 1089 3741 ΙΙΙιιιι
1098 3705 1207 3755 pugnem
1217 3689 1397 3755 descripsimus

307 3767 438 3818 studemus
448 3784 456 3830 ;
473 3769 518 3817 sed
530 3769 670 3818 communis
681 3771 793 3832 exempli
805 3778 832 3820 et
871 3768 916 3818 tib.
927 3781 972 3818 ιιι.
984 3781 1042 3830 cep-
1050 3772 1076 3816 3.

306 3843 367 3895 fidei
384 3859 457 3908 ergo,
478 3845 560 3894 virtum
576 3853 626 3908 est,
641 3851 671 3895 ut
688 3853 716 3896 te
732 3845 831 3895 salvum
904 3846 919 3875 ¹
929 3843 978 3893 An.
991 3845 1029 3892 Μ.
1042 3847 1114 3892 3632.
1140 3843 1185 3892 ΟΙ.
1198 3847 1237 3893 stt.
1246 3846 1270 3891 3.
1292 3840 1396 3892 Urbe.

308 3920 424 3978 velimus,
442 3926 473 3970 nt
493 3928 572 3983 esset,
590 3935 665 3986 quern
683 3921 759 3970 ermis
777 3921 831 3969 vin·
871 3923 928 3970 331.
947 3919 1135 3968 tintcum.

309 4005 368 4042 cere
380 3993 522 4056 posuimus.¹
903 3994 958 4044 173.
971 3993 1102 4053 Gracchus,
1118 3997 1142 4041 et
1154 3993 1183 4041 G.
1197 3988 1326 4051 Claudius]
1346 3988 1398 4040 lite

341 4074 353 4124 t
370 4065 421 4116 An.
437 4069 476 4116 M.
493 4072 565 4118 3776.
590 4068 633 4118 01.
644 4073 743 4121 Ihm.
765 4069 831 4120 Urh.
869 4070 912 4119 Ti.
921 4076 949 4119 et
958 4069 987 4118 C.
996 4067 1171 4118 Gracchorum
1181 4074 1267 4131 peter3
1278 4064 1321 4112 hie
1330 4065 1398 4114 cou-

310 4142 341 4193 C.
352 4145 409 4191 473.
434 4142 498 4193 Ant.
510 4145 557 4194 Ch.
568 4149 626 4195 377.
662 4163 671 4181 ·
870 4146 909 4194 sul
918 4159 985 4194 suno
997 4143 1074 4192 Urbis
1085 4144 1141 4191 377.
1158 4141 1198 4189 De
1207 4139 1306 4191 Histris
1315 4145 1343 4190 et
1354 4139 1398 4189 Li·

341 4213 437 4278 ''liffl
454 4217 619 4282 Vmcitem]
647 4221 732 4272 Lscur
747 4227 789 4270 est
804 4219 831 4270 in
870 4219 976 4285 guribus
988 4218 1163 4283 triumphavit.
