3080 5106
260 461 344 514 nnn.
361 461 387 513 r.
410 461 459 512 na
482 459 738 510 nonanrrnrn
763 458 808 510 ur
830 461 1062 512 cunnnnrrn.
1147 445 1212 512 5117

119 603 219 689 igitur
239 606 390 672 victoriae
404 603 434 654 4⁶
455 605 620 670 maximoe
641 606 772 672 fructus
793 611 896 682 ratus,
913 603 990 671 Diis
1013 606 1210 688 templomm

119 717 322 787 omameuta,
338 709 468 790 regibus
483 710 677 789 sanguinem
692 727 791 772 suurn
806 709 1008 772 restituere?

163 810 194 875 8.
217 809 257 876 L.
272 811 371 875 etiam
387 809 486 874 Pauli
501 812 534 874 iu
556 809 615 875 tali
637 829 751 891 genere
773 808 886 873 landis
907 810 1067 874 memoria
1089 827 1210 892 appre-

118 911 290 974 hendenda
305 919 365 976 est.
409 910 479 990 Qui
501 933 576 976 cum
597 912 732 988 Persen,
747 913 843 995 parvi
867 912 1026 995 temporis
1041 919 1210 975 momento

117 1013 287 1094 captivum
299 1020 326 1062 ⁴⁷
349 1031 393 1076 ex
419 1021 519 1092 rege,q
541 1012 583 1076 ud
611 1033 648 1077 se
678 1014 802 1078 adduci
827 1013 989 1087 audisset,
1012 1013 1156 1076 occurrit
1179 1012 1210 1074 ei

118 1110 265 1176 Romani
278 1114 406 1198 imperii
420 1114 598 1178 decoratus
614 1116 833 1179 ornamentis:
857 1118 1084 1196 conatumque
1098 1111 1141 1175 ad
1156 1131 1211 1193 go-

115 1231 185 1277 una
209 1215 433 1298 procumbere,
457 1215 577 1279 dextra
605 1235 707 1280 manu
736 1214 905 1292 allevavit,
930 1220 964 1279 et
990 1213 1114 1278 Grceco
1141 1231 1211 1276 ser-

115 1315 249 1380 monet⁸
271 1317 315 1380 ad
330 1335 423 1398 spem
438 1315 632 1378 exhortatus
646 1322 707 1379 est.
751 1315 982 1378 Introductum
996 1315 1095 1378 etiarn
1111 1315 1145 1376 in
1161 1320 1210 1377 ta-

114 1413 345 1489 bernaculum,
360 1413 460 1476 lateri
474 1430 538 1474 suo
553 1414 741 1493 proximum
755 1414 787 1476 in
812 1413 952 1478 consilio
963 1420 991 1463 ⁴⁹
1013 1414 1126 1480 sedere
1134 1415 1210 1498 jus·

114 1515 180 1594 sit;
202 1515 266 1579 nee
296 1513 423 1577 honore
447 1529 571 1576 mensae
593 1512 761 1593 indignum
781 1511 959 1598 judicavit.
1003 1513 1211 1596 Proponatur

113 1617 150 1678 in
167 1615 353 1696 conspicuo
368 1613 470 1690 acies,
486 1632 555 1694 qua
567 1619 758 1696 prostratus
772 1621 822 1678 est
836 1613 972 1690 Perses,
986 1619 1019 1677 et
1031 1615 1144 1678 harum
1158 1633 1210 1679 re·

114 1735 203 1793 rum,
223 1734 308 1798 quas
333 1715 440 1794 retuli,
455 1714 676 1795 contextus3s
692 1723 770 1779 utro
797 1716 906 1797 magis
929 1714 1129 1797 spectaculo
1152 1715 1211 1778 de·

113 1817 288 1892 leeteutur,
302 1818 452 1882 homines
468 1819 679 1882 dubitabunt.
725 1817 816 1883 Nam
832 1818 863 1882 si
883 1819 1050 1900 egregium
1066 1823 1121 1880 est
1133 1816 1212 1880 hos-

113 1923 183 1982 tem
209 1918 393 2000 abjicere,⁵⁰
412 1940 479 1984 non
501 1920 610 1984 minus
635 1927 745 1984 tamen
766 1919 946 1996 laudabile,
961 1918 1107 1983 infelicis
1122 1919 1210 1982 eoire

110 2020 287 2084 misereris

159 2120 191 2183 9.
214 2120 303 2186 Haec
319 2120 358 2186 L.
374 2121 473 2186 Pauli
483 2123 675 2187 humanitas
687 2121 846 2188 admonet
856 2140 973 2198 mene
985 2119 1095 2184 decu.
1109 2121 1211 2185 Pom·

114 2219 188 2302 peii
212 2221 388 2286 clementia
412 2227 552 2286 taceam.
597 2222 723 2305 Regem
746 2221 912 2287 Armeniae
938 2221 1128 2304 Tigranem,
1151 2225 1210 2306 qui

115 2327 152 2386 et
165 2341 227 2406 per
240 2341 278 2386 se
301 2332 442 2405 magna'
463 2342 540 2388 cum
563 2324 692 2407 populo
717 2323 873 2389 Romano
891 2323 982 2389 bella
1003 2329 1162 2406 gesserat,
1176 2333 1211 2388 et

112 2527 660 2627 rsqualtpmpmrolmuamru
675 2565 953 2630 dprgnamgeoaictru
968 2567 1003 2613 ert
1018 2565 1112 2625 Per-rer,
1131 2561 1210 2610 etele-

111 2627 225 2676 mam
236 2627 318 2690 Preti,
327 2631 469 2691 mnodo
478 2630 560 2680 retuli.

114 2917 183 2968 Vet.
195 2924 223 2967 et
233 2917 305 2981 Meg.
322 2917 463 2969 reicit-lo
480 2918 652 2978 Eoraictorr'ae,
662 2921 701 2978 tre.
717 2931 807 2966 omnen
817 2915 894 2966 codd.
905 2915 1012 2967 Torreu.
1023 2931 1079 2966 cum
1091 2919 1151 2969 vet.
1168 2933 1207 2967 rr·

114 2990 155 3032 tae
166 2983 244 3032 etium
257 2995 344 3031 omnen
356 2982 434 3032 codd.
447 2991 474 3030 et
486 2981 546 3029 edd.
558 2991 619 3028 rnre
632 2981 759 3042 Pightnur,
775 2982 818 3044 qni
838 2995 871 3029 ex
889 2980 944 3028 eolo
963 2981 1053 3044 camp.
1072 2981 1144 3032 dedit
1159 2983 1210 3030 ruti

115 3046 241 3104 Romb-
257 3047 334 3109 idque
347 3052 518 3106 reposuerunt
530 3045 615 3092 Colcr.
626 3043 703 3106 unge.
720 3045 815 3106 Delph.
836 3052 864 3092 et
877 3045 985 3093 Torrcn.
1015 3045 1117 3094 Romam
1135 3045 1210 3092 deest

113 3111 197 3159 etiam
209 3109 236 3156 ln
248 3109 325 3157 codd.
358 3109 422 3155 Mox
438 3107 568 3155 hominihm
577 3106 672 3168 regom
684 3107 781 3171 aliquot
791 3109 897 3158 Torreu.
909 3122 968 3157 cnm
983 3110 1107 3158 Veh-tl
1116 3109 1209 3170 Copae.

113 3175 226 3233 Pernam,
235 3188 259 3234 p.
271 3178 290 3220 t.
301 3187 333 3220 m.
345 3176 400 3218 turre
410 3172 600 3232 apricum-48
619 3170 660 3221 ltu
671 3185 704 3220 ex
716 3172 793 3222 codd.
805 3173 921 3236 Pighius,
932 3180 959 3222 ct
969 3175 1091 3236 congruit
1103 3177 1210 3234 uterque

112 3234 216 3286 Brund.
235 3249 292 3284 corn
312 3235 398 3283 monn
414 3235 520 3283 Torren.
538 3241 565 3284 et
584 3235 655 3298 Mog.
671 3237 810 3286 adhortatur
827 3239 919 3299 copes.
935 3237 1043 3286 mnam
1060 3235 1210 3300 estquidam

111 3302 288 3350 Torren-ttl
306 3299 413 3362 Pighius
426 3313 441 3348 e
455 3299 531 3348 codd.
542 3300 648 3350 coemtio.
676 3300 729 3350 Pro
733 3302 818 3362 jurarit,
830 3302 897 3364 quod
909 3315 999 3351 omnen
1011 3301 1087 3350 codd.
1100 3299 1210 3360 firmant,

110 3363 198 3414 Aldus
218 3363 313 3428 aliique
326 3363 463 3423 serit—60
482 3363 576 3426 Ultraj.
593 3369 616 3416 2-
633 3372 660 3414 et
678 3366 751 3429 Meg.
772 3366 861 3416 hortem
878 3366 977 3415 detem-
1009 3366 1073 3416 Mox
1091 3363 1210 3414 undecim

606 3525 632 3576 N
635 3525 713 3576 01¹AE

146 3666 162 3695 ⁹
176 3663 275 3715 Amul.
284 3669 355 3716 8818.
373 3666 417 3716 01.
427 3670 483 3716 ltu.
494 3669 520 3714 4.
537 3665 601 3716 Urh.
611 3665 640 3716 C.
681 3672 738 3718 888.
754 3667 818 3718 Aut.
827 3669 874 3720 ch.
885 3673 942 3720 187.

108 3744 171 3794 ull.
189 3739 252 3790 Ant.
263 3743 308 3792 eh.
319 3745 375 3792 8118.
713 3745 783 3801 'Qut
794 3751 817 3795 et
826 3733 1076 3809 gerremogrrn,l·c.]
1102 3743 1207 3792 Nullum

141 3826 157 3862 ¹u
170 3816 298 3879 Captivam
320 3831 351 3865 ex
370 3816 438 3879 rege]
462 3816 552 3867 Victor
576 3818 641 3866 Per·
681 3825 767 3870 tamen
788 3821 881 3869 bellurn
904 3820 931 3868 iu
956 3819 1085 3868 Romanor
1107 3819 1208 3867 nornine

108 3909 153 3948 m
180 3895 291 3958 primum
317 3893 417 3943 Pellam
443 3895 520 3957 fugit,
545 3896 641 3946 deinde
680 3895 859 3956 ruo'l'igrauer
877 3895 969 3958 geren,
984 3893 1030 3944 eed
1048 3891 1209 3942 Mithridatio

110 3967 637 4035 Amphipolim,deniqueSamothraciam:
681 3983 777 4028 consur
803 3983 879 4033 quem
898 3983 956 4018 cum
976 3969 1129 4033 recepisset,
1139 3981 1207 4018 eum·

112 4049 166 4110 uhi,
175 4047 237 4098 dum
248 4046 333 4110 fugam
352 4053 472 4109 apparet,
483 4047 515 4095 eh
526 4047 639 4097 Octavio
679 4059 730 4109 qne
747 4049 878 4106 repeteret
895 4043 1027 4106 Lucullos,
1039 4043 1099 4094 iude
1112 4044 1207 4095 bellum

113 4125 204 4174 clarete
225 4122 359 4174 Praefecto
376 4128 469 4185 captur
485 4129 535 4185 eet,
557 4130 585 4173 et
605 4124 639 4173 ed
677 4130 763 4171 ortum
775 4126 824 4180 ert,
834 4119 967 4182 victaeque
983 4119 1106 4184 Tigranen
1114 4135 1207 4188 magur

113 4197 484 4250 AEmiliomioeartramirrue.
680 4209 784 4246 ruorum
796 4201 892 4258 strage.

147 4283 159 4328 t
172 4273 353 4324 1118118888.
372 4272 416 4324 01.
425 4277 481 4323 loa.
494 4277 516 4325 1.
535 4274 596 4324 Urh.
608 4277 637 4328 C.
