<?xml version="1.0" encoding="UTF-8"?>
<!DOCTYPE html PUBLIC "-//W3C//DTD XHTML 1.0 Transitional//EN"
    "http://www.w3.org/TR/xhtml1/DTD/xhtml1-transitional.dtd">
<html xmlns="http://www.w3.org/1999/xhtml" xml:lang="en" lang="en">
 <head>
  <title>
</title>
<meta http-equiv="Content-Type" content="text/html;charset=utf-8" />
  <meta name='ocr-system' content='tesseract 3.04.00' />
  <meta name='ocr-capabilities' content='ocr_page ocr_carea ocr_par ocr_line ocrx_word'/>
</head>
<body>
  <div class='ocr_page' id='page_1' title='image "./valeriimaximifa01maxigoog_0030.png"; bbox 0 0 3080 5106; ppageno 0'>
   <div class='ocr_carea' id='block_1_1' title="bbox 327 437 1113 504">
    <p class='ocr_par' dir='ltr' id='par_1_1' title="bbox 327 437 1113 504">
     <span class='ocr_line' id='line_1_1' title="bbox 327 437 1113 504; baseline -0.013 0"><span class='ocrx_word' id='word_1_1' title='bbox 327 437 392 504; x_wconf 77' lang='lat' dir='ltr'><strong>coz</strong></span> <span class='ocrx_word' id='word_1_2' title='bbox 624 449 782 500; x_wconf 82' lang='lat' dir='ltr'><strong>vsnnrur</strong></span> <span class='ocrx_word' id='word_1_3' title='bbox 807 447 952 496; x_wconf 78' lang='lat' dir='ltr'><strong>usxrur</strong></span> <span class='ocrx_word' id='word_1_4' title='bbox 979 447 1053 498; x_wconf 79' lang='lat' dir='ltr'><strong>arr.</strong></span> <span class='ocrx_word' id='word_1_5' title='bbox 1079 447 1113 496; x_wconf 85' lang='lat' dir='ltr'><strong>v.</strong></span> 
     </span>
    </p>
   </div>
   <div class='ocr_carea' id='block_1_2' title="bbox 318 591 1423 2500">
    <p class='ocr_par' dir='ltr' id='par_1_2' title="bbox 320 591 1423 2295">
     <span class='ocr_line' id='line_1_2' title="bbox 325 591 1423 677; baseline -0.001 -16"><span class='ocrx_word' id='word_1_6' title='bbox 325 597 432 661; x_wconf 83' lang='lat' dir='ltr'><strong>nostri</strong></span> <span class='ocrx_word' id='word_1_7' title='bbox 447 603 595 673; x_wconf 82' lang='lat' dir='ltr'><strong>venerat,</strong></span> <span class='ocrx_word' id='word_1_8' title='bbox 610 595 784 677; x_wconf 85' lang='lat' dir='ltr'><strong>duplicata</strong></span> <span class='ocrx_word' id='word_1_9' title='bbox 797 612 876 676; x_wconf 84' lang='lat' dir='ltr'><strong>erga</strong></span> <span class='ocrx_word' id='word_1_10' title='bbox 897 611 958 656; x_wconf 87' lang='lat' dir='ltr'><strong>nos</strong></span> <span class='ocrx_word' id='word_1_11' title='bbox 981 591 1213 657; x_wconf 78' lang='lat' dir='ltr'>benevolentia</span> <span class='ocrx_word' id='word_1_12' title='bbox 1226 593 1261 657; x_wconf 92' lang='lat' dir='ltr'><strong>in</strong></span> <span class='ocrx_word' id='word_1_13' title='bbox 1285 612 1423 677; x_wconf 84' lang='lat' dir='ltr'><strong>rognum</strong></span> 
     </span>
     <span class='ocr_line' id='line_1_3' title="bbox 326 692 1423 778; baseline -0.001 -16"><span class='ocrx_word' id='word_1_14' title='bbox 326 717 423 762; x_wconf 89' lang='lat' dir='ltr'><strong>suum</strong></span> <span class='ocrx_word' id='word_1_15' title='bbox 444 716 598 762; x_wconf 83' lang='lat' dir='ltr'><strong>reversus</strong></span> <span class='ocrx_word' id='word_1_16' title='bbox 621 702 682 761; x_wconf 88' lang='lat' dir='ltr'><strong>est.</strong></span> <span class='ocrx_word' id='word_1_17' title='bbox 729 695 804 760; x_wconf 90' lang='lat' dir='ltr'><strong>Nec</strong></span> <span class='ocrx_word' id='word_1_18' title='bbox 826 695 989 778; x_wconf 85' lang='lat' dir='ltr'><strong>AEgyptns</strong></span> <span class='ocrx_word' id='word_1_19' title='bbox 1013 692 1149 774; x_wconf 89' lang='lat' dir='ltr'><strong>quidem</strong></span> <span class='ocrx_word' id='word_1_20' title='bbox 1172 693 1339 761; x_wconf 65' lang='lat' dir='ltr'><strong>Rornm</strong></span> <span class='ocrx_word' id='word_1_21' title='bbox 1360 696 1423 761; x_wconf 94' lang='lat' dir='ltr'><strong>hn-</strong></span> 
     </span>
     <span class='ocr_line' id='line_1_4' title="bbox 325 795 1420 881; baseline 0.001 -19"><span class='ocrx_word' id='word_1_22' title='bbox 325 799 494 864; x_wconf 81' lang='lat' dir='ltr'><strong>manitntis</strong></span> <span class='ocrx_word' id='word_1_23' title='bbox 515 818 636 881; x_wconf 82' lang='lat' dir='ltr'><strong>expers</strong></span> <span class='ocrx_word' id='word_1_24' title='bbox 661 797 734 862; x_wconf 85' lang='lat' dir='ltr'><strong>fuit.</strong></span> <span class='ocrx_word' id='word_1_25' title='bbox 779 796 861 860; x_wconf 83' lang='lat' dir='ltr'><strong>Rex·</strong></span> <span class='ocrx_word' id='word_1_26' title='bbox 880 795 966 858; x_wconf 89' lang='lat' dir='ltr'><strong>enim</strong></span> <span class='ocrx_word' id='word_1_27' title='bbox 993 795 1197 860; x_wconf 84' lang='lat' dir='ltr'><strong>Ptolemaeus</strong></span> <span class='ocrx_word' id='word_1_28' title='bbox 1208 803 1236 833; x_wconf 84' lang='lat'><strong>²⁰</strong></span> <span class='ocrx_word' id='word_1_29' title='bbox 1257 799 1420 862; x_wconf 82' lang='lat' dir='ltr'><strong>eminere</strong></span> 
     </span>
     <span class='ocr_line' id='line_1_5' title="bbox 323 895 1420 982; baseline 0 -20"><span class='ocrx_word' id='word_1_30' title='bbox 323 897 444 964; x_wconf 70' lang='lat' dir='ltr'><strong>l&#39;ratre¹²</strong></span> <span class='ocrx_word' id='word_1_31' title='bbox 465 918 563 982; x_wconf 91' lang='lat' dir='ltr'><strong>regno</strong></span> <span class='ocrx_word' id='word_1_32' title='bbox 578 899 756 981; x_wconf 86' lang='lat' dir='ltr'><strong>spoliatus,</strong></span> <span class='ocrx_word' id='word_1_33' title='bbox 772 897 906 979; x_wconf 80' lang='lat' dir='ltr'><strong>petendi</strong></span> <span class='ocrx_word' id='word_1_34' title='bbox 931 895 1053 960; x_wconf 79' lang='lat' dir='ltr'><strong>auxilii</strong></span> <span class='ocrx_word' id='word_1_35' title='bbox 1075 897 1181 978; x_wconf 61' lang='lat' dir='ltr'><strong>gatis</strong></span> <span class='ocrx_word' id='word_1_36' title='bbox 1201 917 1277 962; x_wconf 88' lang='lat' dir='ltr'><strong>curn</strong></span> <span class='ocrx_word' id='word_1_37' title='bbox 1298 900 1420 981; x_wconf 80' lang='lat' dir='ltr'><strong>paucis</strong></span> 
     </span>
     <span class='ocr_line' id='line_1_6' title="bbox 324 996 1418 1083; baseline 0 -21"><span class='ocrx_word' id='word_1_38' title='bbox 324 999 500 1064; x_wconf 78' lang='lat' dir='ltr'><strong>admodum</strong></span> <span class='ocrx_word' id='word_1_39' title='bbox 525 1001 643 1076; x_wconf 89' lang='lat' dir='ltr'><strong>servis,</strong></span> <span class='ocrx_word' id='word_1_40' title='bbox 658 1000 812 1082; x_wconf 84' lang='lat' dir='ltr'>squalore</span> <span class='ocrx_word' id='word_1_41' title='bbox 836 999 976 1075; x_wconf 87' lang='lat' dir='ltr'><strong>obsitus,</strong></span> <span class='ocrx_word' id='word_1_42' title='bbox 991 996 1138 1061; x_wconf 84' lang='lat' dir='ltr'><strong>Romam</strong></span> <span class='ocrx_word' id='word_1_43' title='bbox 1154 1004 1298 1076; x_wconf 84' lang='lat' dir='ltr'><strong>venerat,</strong></span> <span class='ocrx_word' id='word_1_44' title='bbox 1315 1017 1354 1064; x_wconf 86' lang='lat' dir='ltr'><strong>ac</strong></span> <span class='ocrx_word' id='word_1_45' title='bbox 1380 1019 1418 1083; x_wconf 76' lang='lat' dir='ltr'><strong>sq</strong></span> 
     </span>
     <span class='ocr_line' id='line_1_7' title="bbox 323 1097 1417 1183; baseline 0 -21"><span class='ocrx_word' id='word_1_46' title='bbox 323 1101 358 1162; x_wconf 91' lang='lat' dir='ltr'><strong>in</strong></span> <span class='ocrx_word' id='word_1_47' title='bbox 367 1101 550 1183; x_wconf 71' lang='lat' dir='ltr'><strong>hospitium</strong></span> <span class='ocrx_word' id='word_1_48' title='bbox 562 1099 781 1164; x_wconf 80' lang='lat' dir='ltr'><strong>Alexandrini</strong></span> <span class='ocrx_word' id='word_1_49' title='bbox 795 1099 937 1181; x_wconf 86' lang='lat' dir='ltr'><strong>pictoris</strong></span> <span class='ocrx_word' id='word_1_50' title='bbox 946 1098 1140 1162; x_wconf 79' lang='lat' dir='ltr'><strong>contulerat.</strong></span> <span class='ocrx_word' id='word_1_51' title='bbox 1183 1097 1225 1160; x_wconf 93' lang='lat' dir='ltr'><strong>Id</strong></span> <span class='ocrx_word' id='word_1_52' title='bbox 1239 1106 1417 1180; x_wconf 86' lang='lat' dir='ltr'><strong>postquam</strong></span> 
     </span>
     <span class='ocr_line' id='line_1_8' title="bbox 324 1199 1421 1283; baseline 0.001 -20"><span class='ocrx_word' id='word_1_53' title='bbox 324 1203 455 1265; x_wconf 87' lang='lat' dir='ltr'><strong>senatui</strong></span> <span class='ocrx_word' id='word_1_54' title='bbox 468 1203 604 1266; x_wconf 88' lang='lat' dir='ltr'><strong>relatum</strong></span> <span class='ocrx_word' id='word_1_55' title='bbox 618 1209 683 1278; x_wconf 84' lang='lat' dir='ltr'><strong>est,</strong></span> <span class='ocrx_word' id='word_1_56' title='bbox 700 1201 861 1265; x_wconf 83' lang='lat' dir='ltr'><strong>arcessito</strong></span> <span class='ocrx_word' id='word_1_57' title='bbox 871 1201 1008 1283; x_wconf 85' lang='lat' dir='ltr'><strong>juvenc,</strong></span> <span class='ocrx_word' id='word_1_58' title='bbox 1019 1218 1120 1281; x_wconf 90' lang='lat' dir='ltr'><strong>qnam</strong></span> <span class='ocrx_word' id='word_1_59' title='bbox 1135 1199 1247 1282; x_wconf 87' lang='lat' dir='ltr'><strong>potuit</strong></span> <span class='ocrx_word' id='word_1_60' title='bbox 1262 1207 1421 1264; x_wconf 85' lang='lat' dir='ltr'><strong>accurata</strong></span> 
     </span>
     <span class='ocr_line' id='line_1_9' title="bbox 323 1300 1418 1384; baseline 0.004 -20"><span class='ocrx_word' id='word_1_61' title='bbox 323 1305 540 1368; x_wconf 85' lang='lat' dir='ltr'><strong>excusatione</strong></span> <span class='ocrx_word' id='word_1_62' title='bbox 551 1310 576 1341; x_wconf 89' lang='lat'><strong>²¹</strong></span> <span class='ocrx_word' id='word_1_63' title='bbox 599 1321 681 1366; x_wconf 89' lang='lat' dir='ltr'><strong>usus</strong></span> <span class='ocrx_word' id='word_1_64' title='bbox 711 1308 774 1379; x_wconf 89' lang='lat' dir='ltr'><strong>est,</strong></span> <span class='ocrx_word' id='word_1_65' title='bbox 790 1301 899 1384; x_wconf 88' lang='lat' dir='ltr'><strong>‘quod</strong></span> <span class='ocrx_word' id='word_1_66' title='bbox 929 1321 992 1364; x_wconf 91' lang='lat' dir='ltr'><strong>nee</strong></span> <span class='ocrx_word' id='word_1_67' title='bbox 1019 1307 1222 1383; x_wconf 70' lang='lat' dir='ltr'><strong>quaestorem</strong></span> <span class='ocrx_word' id='word_1_68' title='bbox 1250 1300 1301 1364; x_wconf 92' lang='lat' dir='ltr'><strong>illi</strong></span> <span class='ocrx_word' id='word_1_69' title='bbox 1326 1319 1418 1368; x_wconf 87' lang='lat' dir='ltr'><strong>more</strong></span> 
     </span>
     <span class='ocr_line' id='line_1_10' title="bbox 322 1401 1418 1487; baseline 0.002 -23"><span class='ocrx_word' id='word_1_70' title='bbox 322 1403 485 1487; x_wconf 89' lang='lat' dir='ltr'><strong>majorum</strong></span> <span class='ocrx_word' id='word_1_71' title='bbox 503 1404 637 1469; x_wconf 89' lang='lat' dir='ltr'><strong>obviam</strong></span> <span class='ocrx_word' id='word_1_72' title='bbox 661 1404 817 1480; x_wconf 85' lang='lat' dir='ltr'><strong>misisset,</strong></span> <span class='ocrx_word' id='word_1_73' title='bbox 838 1423 901 1467; x_wconf 88' lang='lat' dir='ltr'><strong>nec</strong></span> <span class='ocrx_word' id='word_1_74' title='bbox 926 1403 1063 1487; x_wconf 88' lang='lat' dir='ltr'><strong>publico</strong></span> <span class='ocrx_word' id='word_1_75' title='bbox 1090 1421 1167 1466; x_wconf 89' lang='lat' dir='ltr'><strong>eum</strong></span> <span class='ocrx_word' id='word_1_76' title='bbox 1188 1401 1336 1485; x_wconf 88' lang='lat' dir='ltr'><strong>hospitio</strong></span> <span class='ocrx_word' id='word_1_77' title='bbox 1356 1421 1418 1466; x_wconf 87' lang='lat' dir='ltr'><strong>ex-</strong></span> 
     </span>
     <span class='ocr_line' id='line_1_11' title="bbox 323 1504 1418 1590; baseline -0.001 -22"><span class='ocrx_word' id='word_1_78' title='bbox 323 1506 487 1587; x_wconf 86' lang='lat' dir='ltr'><strong>cepisset:</strong></span> <span class='ocrx_word' id='word_1_79' title='bbox 510 1525 617 1590; x_wconf 86' lang='lat' dir='ltr'><strong>eaque</strong></span> <span class='ocrx_word' id='word_1_80' title='bbox 638 1527 704 1571; x_wconf 94' lang='lat' dir='ltr'><strong>non</strong></span> <span class='ocrx_word' id='word_1_81' title='bbox 730 1526 794 1570; x_wconf 87' lang='lat' dir='ltr'><strong>sna</strong></span> <span class='ocrx_word' id='word_1_82' title='bbox 816 1505 1029 1586; x_wconf 80' lang='lat' dir='ltr'><strong>negligentia,</strong></span> <span class='ocrx_word' id='word_1_83' title='bbox 1044 1504 1103 1566; x_wconf 90' lang='lat' dir='ltr'><strong>sed</strong></span> <span class='ocrx_word' id='word_1_84' title='bbox 1123 1504 1231 1586; x_wconf 86' lang='lat' dir='ltr'><strong>ipsius</strong></span> <span class='ocrx_word' id='word_1_85' title='bbox 1255 1506 1364 1570; x_wconf 89' lang='lat' dir='ltr'><strong>subito</strong></span> <span class='ocrx_word' id='word_1_86' title='bbox 1382 1513 1418 1568; x_wconf 92' lang='lat' dir='ltr'><strong>et</strong></span> 
     </span>
     <span class='ocr_line' id='line_1_12' title="bbox 322 1603 1416 1688; baseline 0 -20"><span class='ocrx_word' id='word_1_87' title='bbox 322 1604 535 1670; x_wconf 84' lang='lat' dir='ltr'><strong>clandestino</strong></span> <span class='ocrx_word' id='word_1_88' title='bbox 558 1607 703 1672; x_wconf 84' lang='lat' dir='ltr'><strong>adventu</strong></span> <span class='ocrx_word' id='word_1_89' title='bbox 726 1605 835 1672; x_wconf 83' lang='lat' dir='ltr'><strong>facta&#39;</strong></span> <span class='ocrx_word' id='word_1_90' title='bbox 851 1606 958 1670; x_wconf 84' lang='lat' dir='ltr'><strong>dixit:</strong></span> <span class='ocrx_word' id='word_1_91' title='bbox 985 1604 1028 1668; x_wconf 88' lang='lat' dir='ltr'><strong>Et</strong></span> <span class='ocrx_word' id='word_1_92' title='bbox 1052 1605 1145 1668; x_wconf 89' lang='lat' dir='ltr'><strong>illum</strong></span> <span class='ocrx_word' id='word_1_93' title='bbox 1161 1624 1181 1667; x_wconf 91' lang='lat' dir='ltr'><strong>e</strong></span> <span class='ocrx_word' id='word_1_94' title='bbox 1200 1605 1293 1669; x_wconf 85' lang='lat' dir='ltr'><strong>curin</strong></span> <span class='ocrx_word' id='word_1_95' title='bbox 1314 1603 1416 1688; x_wconf 90' lang='lat' dir='ltr'><strong>proti·</strong></span> 
     </span>
     <span class='ocr_line' id='line_1_13' title="bbox 322 1705 1417 1792; baseline 0.001 -25"><span class='ocrx_word' id='word_1_96' title='bbox 322 1713 421 1769; x_wconf 82' lang='lat' dir='ltr'><strong>nus⁸²</strong></span> <span class='ocrx_word' id='word_1_97' title='bbox 443 1708 484 1772; x_wconf 86' lang='lat' dir='ltr'><strong>sd</strong></span> <span class='ocrx_word' id='word_1_98' title='bbox 511 1709 667 1790; x_wconf 88' lang='lat' dir='ltr'><strong>publicos</strong></span> <span class='ocrx_word' id='word_1_99' title='bbox 697 1713 836 1792; x_wconf 86' lang='lat' dir='ltr'><strong>penates</strong></span> <span class='ocrx_word' id='word_1_100' title='bbox 863 1705 1017 1782; x_wconf 85' lang='lat' dir='ltr'><strong>deduxit,</strong></span> <span class='ocrx_word' id='word_1_101' title='bbox 1040 1706 1253 1788; x_wconf 80' lang='lat' dir='ltr'><strong>hortatusque</strong></span> <span class='ocrx_word' id='word_1_102' title='bbox 1280 1711 1342 1781; x_wconf 87' lang='lat' dir='ltr'><strong>est,</strong></span> <span class='ocrx_word' id='word_1_103' title='bbox 1359 1709 1417 1768; x_wconf 89' lang='lat' dir='ltr'><strong>‘ut</strong></span> 
     </span>
     <span class='ocr_line' id='line_1_14' title="bbox 321 1804 1415 1890; baseline 0.001 -21"><span class='ocrx_word' id='word_1_104' title='bbox 321 1804 489 1889; x_wconf 87' lang='lat' dir='ltr'><strong>depositis</strong></span> <span class='ocrx_word' id='word_1_105' title='bbox 518 1807 674 1872; x_wconf 88' lang='lat' dir='ltr'><strong>sordibus</strong></span> <span class='ocrx_word' id='word_1_106' title='bbox 704 1807 845 1871; x_wconf 88' lang='lat' dir='ltr'><strong>adeundi</strong></span> <span class='ocrx_word' id='word_1_107' title='bbox 875 1808 983 1890; x_wconf 85' lang='lat' dir='ltr'><strong>ipsius</strong></span> <span class='ocrx_word' id='word_1_108' title='bbox 1012 1807 1098 1871; x_wconf 90' lang='lat' dir='ltr'><strong>diern</strong></span> <span class='ocrx_word' id='word_1_109' title='bbox 1129 1804 1280 1890; x_wconf 63' lang='lat' dir='ltr'><strong>peteret?</strong></span> <span class='ocrx_word' id='word_1_110' title='bbox 1323 1804 1415 1883; x_wconf 81' lang='lat' dir='ltr'><strong>Quin</strong></span> 
     </span>
     <span class='ocr_line' id='line_1_15' title="bbox 320 1909 1416 1991; baseline 0 -21"><span class='ocrx_word' id='word_1_111' title='bbox 320 1909 420 1971; x_wconf 88' lang='lat' dir='ltr'><strong>etiarn</strong></span> <span class='ocrx_word' id='word_1_112' title='bbox 444 1927 535 1974; x_wconf 82' lang='lat' dir='ltr'><strong>curce</strong></span> <span class='ocrx_word' id='word_1_113' title='bbox 560 1909 687 1987; x_wconf 88' lang='lat' dir='ltr'><strong>hahuit,</strong></span> <span class='ocrx_word' id='word_1_114' title='bbox 702 1916 740 1972; x_wconf 91' lang='lat' dir='ltr'><strong>ut</strong></span> <span class='ocrx_word' id='word_1_115' title='bbox 753 1927 892 1972; x_wconf 83' lang='lat' dir='ltr'><strong>munera</strong></span> <span class='ocrx_word' id='word_1_116' title='bbox 906 1909 938 1971; x_wconf 89' lang='lat' dir='ltr'><strong>oi</strong></span> <span class='ocrx_word' id='word_1_117' title='bbox 961 1909 1112 1991; x_wconf 88' lang='lat' dir='ltr'><strong>qnotidie</strong></span> <span class='ocrx_word' id='word_1_118' title='bbox 1135 1927 1193 1991; x_wconf 95' lang='lat' dir='ltr'><strong>per</strong></span> <span class='ocrx_word' id='word_1_119' title='bbox 1215 1913 1416 1990; x_wconf 75' lang='lat' dir='ltr'><strong>quaestorem</strong></span> 
     </span>
     <span class='ocr_line' id='line_1_16' title="bbox 321 2005 1416 2092; baseline 0.003 -24"><span class='ocrx_word' id='word_1_120' title='bbox 321 2005 489 2074; x_wconf 84' lang='lat' dir='ltr'><strong>darentur.</strong></span> <span class='ocrx_word' id='word_1_121' title='bbox 534 2007 603 2073; x_wconf 88' lang='lat' dir='ltr'><strong>His</strong></span> <span class='ocrx_word' id='word_1_122' title='bbox 617 2009 774 2092; x_wconf 79' lang='lat' dir='ltr'><strong>gradibus</strong></span> <span class='ocrx_word' id='word_1_123' title='bbox 786 2009 970 2073; x_wconf 85' lang='lat' dir='ltr'><strong>officiorum</strong></span> <span class='ocrx_word' id='word_1_124' title='bbox 976 2008 1145 2092; x_wconf 85' lang='lat' dir='ltr'><strong>jacentem</strong></span> <span class='ocrx_word' id='word_1_125' title='bbox 1155 2009 1198 2074; x_wconf 92' lang='lat' dir='ltr'><strong>ad</strong></span> <span class='ocrx_word' id='word_1_126' title='bbox 1210 2009 1334 2090; x_wconf 88' lang='lat' dir='ltr'><strong>regium</strong></span> <span class='ocrx_word' id='word_1_127' title='bbox 1348 2008 1416 2072; x_wconf 85' lang='lat' dir='ltr'><strong>las·</strong></span> 
     </span>
     <span class='ocr_line' id='line_1_17' title="bbox 320 2098 1414 2198; baseline 0.003 -28"><span class='ocrx_word' id='word_1_128' title='bbox 320 2108 435 2190; x_wconf 88' lang='lat' dir='ltr'><strong>tiginrn</strong></span> <span class='ocrx_word' id='word_1_129' title='bbox 460 2113 618 2174; x_wconf 73' lang='lat' dir='ltr'><strong>erexitz²³</strong></span> <span class='ocrx_word' id='word_1_130' title='bbox 642 2111 831 2192; x_wconf 84' lang='lat' dir='ltr'><strong>effecitque,</strong></span> <span class='ocrx_word' id='word_1_131' title='bbox 845 2098 883 2173; x_wconf 87' lang='lat' dir='ltr'><strong>ut</strong></span> <span class='ocrx_word' id='word_1_132' title='bbox 904 2110 982 2198; x_wconf 90' lang='lat' dir='ltr'><strong>plus</strong></span> <span class='ocrx_word' id='word_1_133' title='bbox 1005 2112 1078 2193; x_wconf 88' lang='lat' dir='ltr'><strong>spei</strong></span> <span class='ocrx_word' id='word_1_134' title='bbox 1100 2112 1135 2174; x_wconf 92' lang='lat' dir='ltr'><strong>iu</strong></span> <span class='ocrx_word' id='word_1_135' title='bbox 1157 2111 1282 2174; x_wconf 80' lang='lat' dir='ltr'><strong>anxilio</strong></span> <span class='ocrx_word' id='word_1_136' title='bbox 1296 2109 1414 2193; x_wconf 92' lang='lat' dir='ltr'><strong>populi</strong></span> 
     </span>
     <span class='ocr_line' id='line_1_18' title="bbox 320 2207 1187 2295; baseline 0.006 -23"><span class='ocrx_word' id='word_1_137' title='bbox 320 2207 481 2286; x_wconf 81' lang='lat' dir='ltr'><strong>Romani,</strong></span> <span class='ocrx_word' id='word_1_138' title='bbox 497 2229 599 2292; x_wconf 87' lang='lat' dir='ltr'><strong>qnam</strong></span> <span class='ocrx_word' id='word_1_139' title='bbox 613 2219 720 2276; x_wconf 89' lang='lat' dir='ltr'><strong>metus</strong></span> <span class='ocrx_word' id='word_1_140' title='bbox 734 2213 768 2275; x_wconf 91' lang='lat' dir='ltr'><strong>in</strong></span> <span class='ocrx_word' id='word_1_141' title='bbox 783 2231 846 2275; x_wconf 88' lang='lat' dir='ltr'><strong>sua</strong></span> <span class='ocrx_word' id='word_1_142' title='bbox 860 2213 994 2276; x_wconf 81' lang='lat' dir='ltr'><strong>fortuna</strong></span> <span class='ocrx_word' id='word_1_143' title='bbox 1006 2219 1187 2295; x_wconf 80' lang='lat' dir='ltr'><strong>reponeret</strong></span> 
     </span>
    </p>

    <p class='ocr_par' dir='ltr' id='par_1_3' title="bbox 318 2306 1414 2500">
     <span class='ocr_line' id='line_1_19' title="bbox 362 2306 1414 2395; baseline 0.006 -25"><span class='ocrx_word' id='word_1_144' title='bbox 362 2307 394 2370; x_wconf 80' lang='grc'><strong>2.</strong></span> <span class='ocrx_word' id='word_1_145' title='bbox 417 2306 530 2392; x_wconf 84' lang='lat' dir='ltr'><strong>Atque</strong></span> <span class='ocrx_word' id='word_1_146' title='bbox 547 2321 584 2374; x_wconf 91' lang='lat' dir='ltr'><strong>nt</strong></span> <span class='ocrx_word' id='word_1_147' title='bbox 607 2313 650 2375; x_wconf 92' lang='lat' dir='ltr'><strong>ab</strong></span> <span class='ocrx_word' id='word_1_148' title='bbox 665 2313 832 2377; x_wconf 87' lang='lat' dir='ltr'><strong>universis</strong></span> <span class='ocrx_word' id='word_1_149' title='bbox 847 2310 1006 2378; x_wconf 87' lang='lat' dir='ltr'><strong>Patribus</strong></span> <span class='ocrx_word' id='word_1_150' title='bbox 1029 2313 1230 2395; x_wconf 87' lang='lat' dir='ltr'><strong>conscriptis</strong></span> <span class='ocrx_word' id='word_1_151' title='bbox 1245 2313 1288 2376; x_wconf 87' lang='lat' dir='ltr'><strong>ed</strong></span> <span class='ocrx_word' id='word_1_152' title='bbox 1304 2312 1414 2394; x_wconf 89' lang='lat' dir='ltr'><strong>singu·</strong></span> 
     </span>
     <span class='ocr_line' id='line_1_20' title="bbox 318 2407 1413 2500; baseline 0.007 -30"><span class='ocrx_word' id='word_1_153' title='bbox 318 2407 371 2472; x_wconf 88' lang='lat' dir='ltr'><strong>los</strong></span> <span class='ocrx_word' id='word_1_154' title='bbox 399 2411 541 2489; x_wconf 87' lang='lat' dir='ltr'><strong>veniam,</strong></span> <span class='ocrx_word' id='word_1_155' title='bbox 566 2411 605 2476; x_wconf 86' lang='lat' dir='ltr'><strong>L.</strong></span> <span class='ocrx_word' id='word_1_156' title='bbox 633 2412 808 2478; x_wconf 86' lang='lat' dir='ltr'><strong>Cornelius</strong></span> <span class='ocrx_word' id='word_1_157' title='bbox 838 2415 992 2479; x_wconf 73' lang='lat' dir='ltr'><strong>consnl¹4</strong></span> <span class='ocrx_word' id='word_1_158' title='bbox 1019 2416 1126 2500; x_wconf 89' lang='lat' dir='ltr'><strong>primo</strong></span> <span class='ocrx_word' id='word_1_159' title='bbox 1153 2413 1284 2480; x_wconf 91' lang='lat' dir='ltr'><strong>Punico</strong></span> <span class='ocrx_word' id='word_1_160' title='bbox 1313 2415 1413 2492; x_wconf 90' lang='lat' dir='ltr'><strong>bello,</strong></span> 
     </span>
    </p>
   </div>
   <div class='ocr_carea' id='block_1_3' title="bbox 775 2593 955 2616">
    <p class='ocr_par' dir='ltr' id='par_1_4' title="bbox 775 2593 955 2616">
     <span class='ocr_line' id='line_1_21' title="bbox 775 2593 955 2616; baseline 0.011 -2"><span class='ocrx_word' id='word_1_161' title='bbox 775 2593 955 2616; x_wconf 62' lang='lat' dir='ltr'><strong>nemun</strong></span> 
     </span>
    </p>
   </div>
   <div class='ocr_carea' id='block_1_4' title="bbox 306 2687 1412 3401">
    <p class='ocr_par' dir='ltr' id='par_1_5' title="bbox 306 2687 1412 3401">
     <span class='ocr_line' id='line_1_22' title="bbox 318 2687 1411 2760; baseline 0.009 -23"><span class='ocrx_word' id='word_1_162' title='bbox 318 2688 395 2738; x_wconf 87' lang='lat' dir='ltr'><strong>codd.</strong></span> <span class='ocrx_word' id='word_1_163' title='bbox 405 2694 433 2737; x_wconf 87' lang='lat' dir='ltr'><strong>et</strong></span> <span class='ocrx_word' id='word_1_164' title='bbox 443 2687 569 2739; x_wconf 81' lang='lat' dir='ltr'><strong>edd.-ao</strong></span> <span class='ocrx_word' id='word_1_165' title='bbox 586 2691 641 2741; x_wconf 80' lang='lat' dir='ltr'><strong>Rea</strong></span> <span class='ocrx_word' id='word_1_166' title='bbox 651 2693 702 2754; x_wconf 67' lang='grc' dir='ltr'><strong>ἠν</strong></span> <span class='ocrx_word' id='word_1_167' title='bbox 712 2694 854 2744; x_wconf 77' lang='lat' dir='ltr'><strong>Ptolom</strong></span> <span class='ocrx_word' id='word_1_168' title='bbox 865 2695 889 2745; x_wconf 89' lang='lat' dir='ltr'><strong>iu</strong></span> <span class='ocrx_word' id='word_1_169' title='bbox 900 2711 993 2746; x_wconf 87' lang='lat' dir='ltr'><strong>noveru</strong></span> <span class='ocrx_word' id='word_1_170' title='bbox 1004 2695 1079 2746; x_wconf 87' lang='lat' dir='ltr'><strong>codd.</strong></span> <span class='ocrx_word' id='word_1_171' title='bbox 1089 2697 1197 2746; x_wconf 81' lang='lat' dir='ltr'><strong>Torren.</strong></span> <span class='ocrx_word' id='word_1_172' title='bbox 1210 2701 1238 2744; x_wconf 89' lang='lat' dir='ltr'><strong>et</strong></span> <span class='ocrx_word' id='word_1_173' title='bbox 1248 2696 1322 2760; x_wconf 77' lang='lat' dir='ltr'><strong>Meg.</strong></span> <span class='ocrx_word' id='word_1_174' title='bbox 1346 2696 1411 2747; x_wconf 85' lang='lat' dir='ltr'><strong>lllsx</strong></span> 
     </span>
     <span class='ocr_line' id='line_1_23' title="bbox 317 2752 1409 2825; baseline 0.011 -25"><span class='ocrx_word' id='word_1_175' title='bbox 317 2752 344 2801; x_wconf 92' lang='lat' dir='ltr'><strong>lu</strong></span> <span class='ocrx_word' id='word_1_176' title='bbox 355 2754 455 2804; x_wconf 84' lang='lat' dir='ltr'><strong>Vorstli</strong></span> <span class='ocrx_word' id='word_1_177' title='bbox 468 2760 495 2803; x_wconf 89' lang='lat' dir='ltr'><strong>et</strong></span> <span class='ocrx_word' id='word_1_178' title='bbox 511 2756 629 2805; x_wconf 81' lang='lat' dir='ltr'><strong>Torrenli</strong></span> <span class='ocrx_word' id='word_1_179' title='bbox 641 2757 701 2806; x_wconf 84' lang='lat' dir='ltr'><strong>edd.</strong></span> <span class='ocrx_word' id='word_1_180' title='bbox 720 2760 863 2821; x_wconf 70' lang='lat' dir='ltr'><strong>sphalmata</strong></span> <span class='ocrx_word' id='word_1_181' title='bbox 883 2767 986 2825; x_wconf 83' lang='lat' dir='ltr'><strong>typogr.</strong></span> <span class='ocrx_word' id='word_1_182' title='bbox 1006 2761 1112 2824; x_wconf 85' lang='lat' dir='ltr'><strong>legitur,</strong></span> <span class='ocrx_word' id='word_1_183' title='bbox 1131 2760 1244 2820; x_wconf 55' lang='lat' dir='ltr'><strong>onum</strong></span> <span class='ocrx_word' id='word_1_184' title='bbox 1256 2761 1409 2818; x_wconf 71' lang='lat' dir='ltr'><strong>frutra-21</strong></span> 
     </span>
     <span class='ocr_line' id='line_1_24' title="bbox 318 2816 1412 2888; baseline 0.009 -24"><span class='ocrx_word' id='word_1_185' title='bbox 318 2816 390 2865; x_wconf 81' lang='lat' dir='ltr'><strong>held.</strong></span> <span class='ocrx_word' id='word_1_186' title='bbox 402 2822 424 2867; x_wconf 89' lang='lat' dir='ltr'><strong>l.</strong></span> <span class='ocrx_word' id='word_1_187' title='bbox 434 2833 480 2881; x_wconf 80' lang='lat' dir='ltr'><strong>qao</strong></span> <span class='ocrx_word' id='word_1_188' title='bbox 489 2821 568 2881; x_wconf 74' lang='lat' dir='ltr'><strong>potuit</strong></span> <span class='ocrx_word' id='word_1_189' title='bbox 578 2827 688 2871; x_wconf 71' lang='lat' dir='ltr'><strong>armate</strong></span> <span class='ocrx_word' id='word_1_190' title='bbox 698 2825 811 2874; x_wconf 72' lang='lat' dir='ltr'><strong>oratiam.</strong></span> <span class='ocrx_word' id='word_1_191' title='bbox 845 2826 948 2875; x_wconf 83' lang='lat' dir='ltr'><strong>Deinde</strong></span> <span class='ocrx_word' id='word_1_192' title='bbox 961 2827 1054 2888; x_wconf 85' lang='lat' dir='ltr'><strong>Copee.</strong></span> <span class='ocrx_word' id='word_1_193' title='bbox 1074 2831 1101 2875; x_wconf 92' lang='lat' dir='ltr'><strong>et</strong></span> <span class='ocrx_word' id='word_1_194' title='bbox 1113 2825 1209 2874; x_wconf 84' lang='lat' dir='ltr'><strong>Medic.</strong></span> <span class='ocrx_word' id='word_1_195' title='bbox 1218 2829 1242 2873; x_wconf 76' lang='grc'><strong>8.</strong></span> <span class='ocrx_word' id='word_1_196' title='bbox 1254 2825 1291 2872; x_wconf 80' lang='lat' dir='ltr'><strong>illi</strong></span> <span class='ocrx_word' id='word_1_197' title='bbox 1301 2828 1330 2873; x_wconf 79' lang='lat' dir='ltr'><strong>de</strong></span> <span class='ocrx_word' id='word_1_198' title='bbox 1341 2839 1412 2874; x_wconf 73' lang='lat' dir='ltr'><strong>nora.</strong></span> 
     </span>
     <span class='ocr_line' id='line_1_25' title="bbox 316 2878 1412 2952; baseline 0.009 -23"><span class='ocrx_word' id='word_1_199' title='bbox 316 2883 382 2952; x_wconf 66' lang='lat'><strong>*²2²</strong></span> <span class='ocrx_word' id='word_1_200' title='bbox 399 2878 441 2931; x_wconf 85' lang='lat' dir='ltr'><strong>ltu</strong></span> <span class='ocrx_word' id='word_1_201' title='bbox 453 2881 575 2948; x_wconf 78' lang='lat' dir='ltr'><strong>Piglrius3</strong></span> <span class='ocrx_word' id='word_1_202' title='bbox 592 2895 619 2933; x_wconf 88' lang='lat' dir='ltr'><strong>et</strong></span> <span class='ocrx_word' id='word_1_203' title='bbox 630 2887 667 2935; x_wconf 87' lang='lat' dir='ltr'><strong>sic</strong></span> <span class='ocrx_word' id='word_1_204' title='bbox 678 2886 754 2937; x_wconf 86' lang='lat' dir='ltr'><strong>codd.</strong></span> <span class='ocrx_word' id='word_1_205' title='bbox 764 2889 871 2940; x_wconf 80' lang='lat' dir='ltr'><strong>Torreu.</strong></span> <span class='ocrx_word' id='word_1_206' title='bbox 882 2904 940 2939; x_wconf 87' lang='lat' dir='ltr'><strong>euru</strong></span> <span class='ocrx_word' id='word_1_207' title='bbox 952 2891 1024 2951; x_wconf 82' lang='lat' dir='ltr'><strong>Meg.</strong></span> <span class='ocrx_word' id='word_1_208' title='bbox 1033 2889 1089 2937; x_wconf 74' lang='lat' dir='ltr'><strong>alle</strong></span> <span class='ocrx_word' id='word_1_209' title='bbox 1099 2889 1158 2937; x_wconf 85' lang='lat' dir='ltr'><strong>edd.</strong></span> <span class='ocrx_word' id='word_1_210' title='bbox 1166 2889 1289 2936; x_wconf 79' lang='lat' dir='ltr'><strong>exhibent</strong></span> <span class='ocrx_word' id='word_1_211' title='bbox 1300 2904 1307 2936; x_wconf 73' lang='grc' dir='ltr'><em>ε</em></span> <span class='ocrx_word' id='word_1_212' title='bbox 1324 2891 1412 2939; x_wconf 62' lang='lat' dir='ltr'><strong>scam</strong></span> 
     </span>
     <span class='ocr_line' id='line_1_26' title="bbox 314 2943 1411 3017; baseline 0.01 -26"><span class='ocrx_word' id='word_1_213' title='bbox 314 2943 391 2992; x_wconf 70' lang='lat' dir='ltr'><strong>ubete</strong></span> <span class='ocrx_word' id='word_1_214' title='bbox 402 2947 433 2994; x_wconf 80' lang='lat' dir='ltr'><strong>ud</strong></span> <span class='ocrx_word' id='word_1_215' title='bbox 442 2947 553 3009; x_wconf 75' lang='lat' dir='ltr'><strong>publicos.</strong></span> <span class='ocrx_word' id='word_1_216' title='bbox 588 2951 668 2999; x_wconf 82' lang='lat' dir='ltr'><strong>Paulo</strong></span> <span class='ocrx_word' id='word_1_217' title='bbox 680 2957 740 3014; x_wconf 92' lang='lat' dir='ltr'><strong>post</strong></span> <span class='ocrx_word' id='word_1_218' title='bbox 752 2953 825 3002; x_wconf 79' lang='lat' dir='ltr'><strong>Laid.</strong></span> <span class='ocrx_word' id='word_1_219' title='bbox 835 2959 857 3005; x_wconf 91' lang='grc'><strong>1.</strong></span> <span class='ocrx_word' id='word_1_220' title='bbox 877 2952 949 3003; x_wconf 85' lang='lat' dir='ltr'><strong>delet</strong></span> <span class='ocrx_word' id='word_1_221' title='bbox 958 2955 1033 3017; x_wconf 79' lang='lat' dir='ltr'><strong>lpslua</strong></span> <span class='ocrx_word' id='word_1_222' title='bbox 1040 2969 1050 3011; x_wconf 89' lang='lat'><em>;</em></span> <span class='ocrx_word' id='word_1_223' title='bbox 1067 2967 1114 3014; x_wconf 91' lang='lat' dir='ltr'><strong>pro</strong></span> <span class='ocrx_word' id='word_1_224' title='bbox 1126 2967 1178 3016; x_wconf 88' lang='lat' dir='ltr'><strong>quo</strong></span> <span class='ocrx_word' id='word_1_225' title='bbox 1189 2953 1273 3001; x_wconf 87' lang='lat' dir='ltr'><strong>Bitur.</strong></span> <span class='ocrx_word' id='word_1_226' title='bbox 1289 2956 1311 3000; x_wconf 88' lang='lat'><strong>1.</strong></span> <span class='ocrx_word' id='word_1_227' title='bbox 1330 2952 1411 3002; x_wconf 86' lang='lat' dir='ltr'><strong>hahet</strong></span> 
     </span>
     <span class='ocr_line' id='line_1_27' title="bbox 313 3010 1410 3080; baseline 0.01 -25"><span class='ocrx_word' id='word_1_228' title='bbox 313 3010 345 3056; x_wconf 83' lang='lat' dir='ltr'><strong>od</strong></span> <span class='ocrx_word' id='word_1_229' title='bbox 355 3021 388 3070; x_wconf 83' lang='lat' dir='ltr'><strong>ae,</strong></span> <span class='ocrx_word' id='word_1_230' title='bbox 400 3010 466 3072; x_wconf 90' lang='lat' dir='ltr'><strong>quod</strong></span> <span class='ocrx_word' id='word_1_231' title='bbox 479 3012 505 3060; x_wconf 90' lang='lat' dir='ltr'><strong>in</strong></span> <span class='ocrx_word' id='word_1_232' title='bbox 519 3011 592 3062; x_wconf 79' lang='lat' dir='ltr'><strong>held.</strong></span> <span class='ocrx_word' id='word_1_233' title='bbox 601 3020 626 3062; x_wconf 80' lang='lat'><strong>5.</strong></span> <span class='ocrx_word' id='word_1_234' title='bbox 645 3017 805 3078; x_wconf 80' lang='lat' dir='ltr'><strong>expungitur</strong></span> <span class='ocrx_word' id='word_1_235' title='bbox 816 3032 847 3067; x_wconf 88' lang='lat' dir='ltr'><strong>ac</strong></span> <span class='ocrx_word' id='word_1_236' title='bbox 862 3017 1063 3080; x_wconf 84' lang='lat' dir='ltr'><strong>superscribitur</strong></span> <span class='ocrx_word' id='word_1_237' title='bbox 1073 3017 1220 3079; x_wconf 68' lang='lat' dir='ltr'><strong>ipsius-28</strong></span> <span class='ocrx_word' id='word_1_238' title='bbox 1238 3014 1281 3064; x_wconf 87' lang='lat' dir='ltr'><strong>lta</strong></span> <span class='ocrx_word' id='word_1_239' title='bbox 1291 3015 1410 3078; x_wconf 84' lang='lat' dir='ltr'><strong>l’lglriani</strong></span> 
     </span>
     <span class='ocr_line' id='line_1_28' title="bbox 306 3072 1409 3143; baseline 0.01 -24"><span class='ocrx_word' id='word_1_240' title='bbox 306 3081 342 3120; x_wconf 82' lang='lat' dir='ltr'><strong>-et</strong></span> <span class='ocrx_word' id='word_1_241' title='bbox 352 3072 457 3124; x_wconf 84' lang='lat' dir='ltr'><strong>Torren.</strong></span> <span class='ocrx_word' id='word_1_242' title='bbox 469 3089 527 3124; x_wconf 87' lang='lat' dir='ltr'><strong>cum</strong></span> <span class='ocrx_word' id='word_1_243' title='bbox 539 3077 611 3138; x_wconf 84' lang='lat' dir='ltr'><strong>Meg.</strong></span> <span class='ocrx_word' id='word_1_244' title='bbox 620 3086 647 3126; x_wconf 87' lang='lat' dir='ltr'><strong>et</strong></span> <span class='ocrx_word' id='word_1_245' title='bbox 656 3079 763 3130; x_wconf 76' lang='lat' dir='ltr'><strong>Mediol.</strong></span> <span class='ocrx_word' id='word_1_246' title='bbox 774 3085 797 3128; x_wconf 97' lang='grc'><strong>8.</strong></span> <span class='ocrx_word' id='word_1_247' title='bbox 807 3083 887 3130; x_wconf 71' lang='lat' dir='ltr'><strong>evexit</strong></span> <span class='ocrx_word' id='word_1_248' title='bbox 895 3080 1085 3130; x_wconf 86' lang='lat' dir='ltr'><strong>Venett.Aldd.</strong></span> <span class='ocrx_word' id='word_1_249' title='bbox 1098 3081 1180 3130; x_wconf 88' lang='lat' dir='ltr'><strong>Colin.</strong></span> <span class='ocrx_word' id='word_1_250' title='bbox 1188 3079 1289 3143; x_wconf 80' lang='lat' dir='ltr'><strong>Grypb.</strong></span> <span class='ocrx_word' id='word_1_251' title='bbox 1298 3079 1409 3130; x_wconf 80' lang='lat' dir='ltr'><strong>Accaus.</strong></span> 
     </span>
     <span class='ocr_line' id='line_1_29' title="bbox 313 3137 1409 3209; baseline 0.008 -26"><span class='ocrx_word' id='word_1_252' title='bbox 313 3143 341 3184; x_wconf 88' lang='lat' dir='ltr'><strong>et</strong></span> <span class='ocrx_word' id='word_1_253' title='bbox 352 3137 439 3201; x_wconf 83' lang='lat' dir='ltr'><strong>Steph.</strong></span> <span class='ocrx_word' id='word_1_254' title='bbox 465 3138 496 3187; x_wconf 91' lang='lat' dir='ltr'><strong>ln</strong></span> <span class='ocrx_word' id='word_1_255' title='bbox 508 3141 565 3190; x_wconf 88' lang='lat' dir='ltr'><strong>cod</strong></span> <span class='ocrx_word' id='word_1_256' title='bbox 576 3141 695 3191; x_wconf 80' lang='lat' dir='ltr'><strong>Perizon.</strong></span> <span class='ocrx_word' id='word_1_257' title='bbox 708 3142 796 3194; x_wconf 85' lang='lat' dir='ltr'><strong>deleto</strong></span> <span class='ocrx_word' id='word_1_258' title='bbox 808 3146 885 3194; x_wconf 77' lang='lat' dir='ltr'><strong>erexit</strong></span> <span class='ocrx_word' id='word_1_259' title='bbox 905 3146 1108 3209; x_wconf 80' lang='lat' dir='ltr'><strong>superscriptum</strong></span> <span class='ocrx_word' id='word_1_260' title='bbox 1119 3154 1160 3194; x_wconf 85' lang='lat' dir='ltr'><strong>eat</strong></span> <span class='ocrx_word' id='word_1_261' title='bbox 1172 3146 1205 3193; x_wconf 91' lang='lat' dir='ltr'><strong>al.</strong></span> <span class='ocrx_word' id='word_1_262' title='bbox 1215 3159 1247 3193; x_wconf 87' lang='lat' dir='ltr'><strong>nr.</strong></span> <span class='ocrx_word' id='word_1_263' title='bbox 1258 3144 1409 3194; x_wconf 73' lang='lat' dir='ltr'><strong>waheuil.-</strong></span> 
     </span>
     <span class='ocr_line' id='line_1_30' title="bbox 312 3201 1409 3271; baseline 0.008 -23"><span class='ocrx_word' id='word_1_264' title='bbox 312 3203 344 3248; x_wconf 74' lang='grc'><strong>84</strong></span> <span class='ocrx_word' id='word_1_265' title='bbox 364 3201 437 3252; x_wconf 88' lang='lat' dir='ltr'><strong>llsrl.</strong></span> <span class='ocrx_word' id='word_1_266' title='bbox 450 3202 575 3253; x_wconf 82' lang='lat' dir='ltr'><strong>Coraelias</strong></span> <span class='ocrx_word' id='word_1_267' title='bbox 584 3205 663 3268; x_wconf 79' lang='lat' dir='ltr'><strong>Scipio</strong></span> <span class='ocrx_word' id='word_1_268' title='bbox 673 3211 760 3256; x_wconf 70' lang='lat' dir='ltr'><strong>ensal.</strong></span> <span class='ocrx_word' id='word_1_269' title='bbox 791 3209 853 3257; x_wconf 84' lang='lat' dir='ltr'><strong>Mox</strong></span> <span class='ocrx_word' id='word_1_270' title='bbox 867 3208 945 3258; x_wconf 79' lang='lat' dir='ltr'><strong>Aldd.</strong></span> <span class='ocrx_word' id='word_1_271' title='bbox 958 3208 1093 3268; x_wconf 75' lang='lat' dir='ltr'><strong>fortissime</strong></span> <span class='ocrx_word' id='word_1_272' title='bbox 1101 3216 1409 3271; x_wconf 77' lang='lat' dir='ltr'><strong>pugsuxseoutraomnea</strong></span> 
     </span>
     <span class='ocr_line' id='line_1_31' title="bbox 311 3259 1409 3332; baseline 0.013 -22"><span class='ocrx_word' id='word_1_273' title='bbox 311 3259 367 3312; x_wconf 86' lang='lat' dir='ltr'><strong>fere</strong></span> <span class='ocrx_word' id='word_1_274' title='bbox 378 3265 455 3315; x_wconf 83' lang='lat' dir='ltr'><strong>codd.</strong></span> <span class='ocrx_word' id='word_1_275' title='bbox 467 3273 495 3316; x_wconf 87' lang='lat' dir='ltr'><strong>et</strong></span> <span class='ocrx_word' id='word_1_276' title='bbox 505 3269 565 3318; x_wconf 86' lang='lat' dir='ltr'><strong>edd.</strong></span> <span class='ocrx_word' id='word_1_277' title='bbox 576 3271 658 3332; x_wconf 86' lang='lat' dir='ltr'><strong>antiq.</strong></span> <span class='ocrx_word' id='word_1_278' title='bbox 683 3271 736 3320; x_wconf 88' lang='lat' dir='ltr'><strong>Pro</strong></span> <span class='ocrx_word' id='word_1_279' title='bbox 750 3271 846 3320; x_wconf 80' lang='lat' dir='ltr'><strong>Olbiam</strong></span> <span class='ocrx_word' id='word_1_280' title='bbox 859 3273 932 3322; x_wconf 86' lang='lat' dir='ltr'><strong>Leld.</strong></span> <span class='ocrx_word' id='word_1_281' title='bbox 943 3278 965 3321; x_wconf 94' lang='grc'><strong>1.</strong></span> <span class='ocrx_word' id='word_1_282' title='bbox 978 3274 1096 3323; x_wconf 87' lang='lat' dir='ltr'><strong>etBitur.</strong></span> <span class='ocrx_word' id='word_1_283' title='bbox 1107 3278 1129 3323; x_wconf 88' lang='grc'><strong>1.</strong></span> <span class='ocrx_word' id='word_1_284' title='bbox 1138 3277 1163 3323; x_wconf 81' lang='grc'><strong>8.</strong></span> <span class='ocrx_word' id='word_1_285' title='bbox 1175 3273 1286 3329; x_wconf 71' lang='lat' dir='ltr'><strong>Albium,-</strong></span> <span class='ocrx_word' id='word_1_286' title='bbox 1302 3271 1409 3324; x_wconf 61' lang='lat' dir='ltr'><strong>[eidi.</strong></span> 
     </span>
     <span class='ocr_line' id='line_1_32' title="bbox 314 3328 1409 3401; baseline 0.01 -26"><span class='ocrx_word' id='word_1_287' title='bbox 314 3328 410 3385; x_wconf 68' lang='lat' dir='ltr'><strong>Obuier</strong></span> <span class='ocrx_word' id='word_1_288' title='bbox 428 3331 503 3381; x_wconf 82' lang='lat' dir='ltr'><strong>held.</strong></span> <span class='ocrx_word' id='word_1_289' title='bbox 514 3337 538 3381; x_wconf 75' lang='lat' dir='ltr'><strong>«l.</strong></span> <span class='ocrx_word' id='word_1_290' title='bbox 557 3334 661 3383; x_wconf 83' lang='lat' dir='ltr'><strong>Olmum.</strong></span> <span class='ocrx_word' id='word_1_291' title='bbox 695 3335 785 3384; x_wconf 83' lang='lat' dir='ltr'><strong>Codex</strong></span> <span class='ocrx_word' id='word_1_292' title='bbox 807 3337 924 3386; x_wconf 80' lang='lat' dir='ltr'><strong>Perisse.</strong></span> <span class='ocrx_word' id='word_1_293' title='bbox 942 3337 1039 3387; x_wconf 79' lang='lat' dir='ltr'><strong>omittit</strong></span> <span class='ocrx_word' id='word_1_294' title='bbox 1059 3338 1156 3401; x_wconf 71' lang='lat' dir='ltr'><strong>meo,</strong></span> <span class='ocrx_word' id='word_1_295' title='bbox 1175 3336 1242 3401; x_wconf 87' lang='lat' dir='ltr'><strong>qnod</strong></span> <span class='ocrx_word' id='word_1_296' title='bbox 1253 3337 1291 3386; x_wconf 88' lang='lat' dir='ltr'><strong>sic</strong></span> <span class='ocrx_word' id='word_1_297' title='bbox 1302 3335 1409 3386; x_wconf 80' lang='lat' dir='ltr'><strong>exhibet</strong></span> 
     </span>
    </p>
   </div>
   <div class='ocr_carea' id='block_1_5' title="bbox 803 3482 908 3534">
    <p class='ocr_par' dir='ltr' id='par_1_6' title="bbox 803 3482 908 3534">
     <span class='ocr_line' id='line_1_33' title="bbox 803 3482 908 3534; baseline 0.019 -2"><span class='ocrx_word' id='word_1_298' title='bbox 803 3482 908 3534; x_wconf 70' lang='lat' dir='ltr'><strong>Nom</strong></span> 
     </span>
    </p>
   </div>
   <div class='ocr_carea' id='block_1_6' title="bbox 306 3584 1406 4190">
    <p class='ocr_par' dir='ltr' id='par_1_7' title="bbox 306 3584 1406 3959">
     <span class='ocr_line' id='line_1_34' title="bbox 308 3584 1405 3660; baseline 0.01 -27"><span class='ocrx_word' id='word_1_299' title='bbox 308 3584 317 3612; x_wconf 85' lang='lat'><em>‘</em></span> <span class='ocrx_word' id='word_1_300' title='bbox 329 3584 436 3635; x_wconf 83' lang='lat' dir='ltr'><strong>libertus</strong></span> <span class='ocrx_word' id='word_1_301' title='bbox 450 3592 544 3646; x_wconf 80' lang='lat' dir='ltr'><strong>vester,</strong></span> <span class='ocrx_word' id='word_1_302' title='bbox 555 3593 642 3638; x_wconf 78' lang='lat' dir='ltr'><strong>veatn</strong></span> <span class='ocrx_word' id='word_1_303' title='bbox 653 3591 771 3643; x_wconf 84' lang='lat' dir='ltr'><strong>laatltuts</strong></span> <span class='ocrx_word' id='word_1_304' title='bbox 784 3595 837 3645; x_wconf 82' lang='lat' dir='ltr'><strong>luri·</strong></span> <span class='ocrx_word' id='word_1_305' title='bbox 879 3597 1008 3660; x_wconf 75' lang='lat' dir='ltr'><strong>venerint,</strong></span> <span class='ocrx_word' id='word_1_306' title='bbox 1019 3595 1167 3647; x_wconf 76' lang='lat' dir='ltr'><strong>Alexander</strong></span> <span class='ocrx_word' id='word_1_307' title='bbox 1177 3600 1205 3646; x_wconf 89' lang='lat' dir='ltr'><strong>et</strong></span> <span class='ocrx_word' id='word_1_308' title='bbox 1220 3595 1344 3656; x_wconf 86' lang='lat' dir='ltr'><strong>Auletea;</strong></span> <span class='ocrx_word' id='word_1_309' title='bbox 1360 3593 1405 3645; x_wconf 89' lang='lat' dir='ltr'><strong>ille</strong></span> 
     </span>
     <span class='ocr_line' id='line_1_35' title="bbox 309 3659 1406 3734; baseline 0.014 -28"><span class='ocrx_word' id='word_1_310' title='bbox 309 3659 360 3707; x_wconf 86' lang='lat' dir='ltr'><strong>tari</strong></span> <span class='ocrx_word' id='word_1_311' title='bbox 371 3662 492 3723; x_wconf 66' lang='lat' dir='ltr'><strong>paratus!</strong></span> <span class='ocrx_word' id='word_1_312' title='bbox 515 3664 549 3711; x_wconf 82' lang='lat' dir='ltr'><strong>Et</strong></span> <span class='ocrx_word' id='word_1_313' title='bbox 561 3666 637 3727; x_wconf 91' lang='lat' dir='ltr'><strong>paulo</strong></span> <span class='ocrx_word' id='word_1_314' title='bbox 650 3667 838 3734; x_wconf 77' lang='lat' dir='ltr'><strong>postfrequeu-</strong></span> <span class='ocrx_word' id='word_1_315' title='bbox 877 3671 928 3723; x_wconf 89' lang='lat' dir='ltr'><strong>Au.</strong></span> <span class='ocrx_word' id='word_1_316' title='bbox 949 3673 989 3722; x_wconf 89' lang='lat' dir='ltr'><strong>M.</strong></span> <span class='ocrx_word' id='word_1_317' title='bbox 1002 3677 1075 3722; x_wconf 86' lang='grc'><strong>8881.</strong></span> <span class='ocrx_word' id='word_1_318' title='bbox 1092 3673 1136 3722; x_wconf 89' lang='lat' dir='ltr'><strong>hic</strong></span> <span class='ocrx_word' id='word_1_319' title='bbox 1154 3675 1227 3721; x_wconf 77' lang='grc'><strong>8891.</strong></span> <span class='ocrx_word' id='word_1_320' title='bbox 1244 3679 1273 3721; x_wconf 84' lang='lat' dir='ltr'><strong>at</strong></span> <span class='ocrx_word' id='word_1_321' title='bbox 1287 3677 1406 3721; x_wconf 85' lang='lat' dir='ltr'><strong>neutera</strong></span> 
     </span>
     <span class='ocr_line' id='line_1_36' title="bbox 309 3735 1405 3812; baseline 0.01 -28"><span class='ocrx_word' id='word_1_322' title='bbox 309 3735 327 3784; x_wconf 87' lang='lat' dir='ltr'><strong>tl</strong></span> <span class='ocrx_word' id='word_1_323' title='bbox 339 3735 437 3785; x_wconf 87' lang='lat' dir='ltr'><strong>Senatu</strong></span> <span class='ocrx_word' id='word_1_324' title='bbox 449 3739 591 3787; x_wconf 85' lang='lat' dir='ltr'><strong>orationem</strong></span> <span class='ocrx_word' id='word_1_325' title='bbox 611 3755 683 3790; x_wconf 83' lang='lat' dir='ltr'><strong>suasu</strong></span> <span class='ocrx_word' id='word_1_326' title='bbox 701 3742 739 3792; x_wconf 86' lang='lat' dir='ltr'><strong>his</strong></span> <span class='ocrx_word' id='word_1_327' title='bbox 752 3746 836 3794; x_wconf 81' lang='lat' dir='ltr'><strong>verbis</strong></span> <span class='ocrx_word' id='word_1_328' title='bbox 877 3746 959 3796; x_wconf 79' lang='lat' dir='ltr'><strong>fratre</strong></span> <span class='ocrx_word' id='word_1_329' title='bbox 970 3747 1068 3797; x_wconf 87' lang='lat' dir='ltr'><strong>minore</strong></span> <span class='ocrx_word' id='word_1_330' title='bbox 1080 3749 1174 3812; x_wconf 78' lang='lat' dir='ltr'><strong>pulsus.</strong></span> <span class='ocrx_word' id='word_1_331' title='bbox 1208 3747 1327 3810; x_wconf 82' lang='lat' dir='ltr'><strong>Uterque</strong></span> <span class='ocrx_word' id='word_1_332' title='bbox 1336 3747 1405 3796; x_wconf 84' lang='lat' dir='ltr'><strong>enirn</strong></span> 
     </span>
     <span class='ocr_line' id='line_1_37' title="bbox 306 3812 1402 3886; baseline 0.011 -27"><span class='ocrx_word' id='word_1_333' title='bbox 306 3825 416 3861; x_wconf 84' lang='lat' dir='ltr'><strong>exorsus</strong></span> <span class='ocrx_word' id='word_1_334' title='bbox 427 3812 475 3862; x_wconf 83' lang='lat' dir='ltr'><strong>sit:</strong></span> <span class='ocrx_word' id='word_1_335' title='bbox 498 3815 507 3842; x_wconf 83' lang='lat'><strong><em>⁴</em></strong></span> <span class='ocrx_word' id='word_1_336' title='bbox 518 3813 623 3865; x_wconf 78' lang='lat' dir='ltr'><strong>salvete</strong></span> <span class='ocrx_word' id='word_1_337' title='bbox 636 3817 681 3867; x_wconf 87' lang='lat' dir='ltr'><strong>Dii</strong></span> <span class='ocrx_word' id='word_1_338' title='bbox 692 3825 836 3870; x_wconf 79' lang='lat' dir='ltr'><strong>servatores</strong></span> <span class='ocrx_word' id='word_1_339' title='bbox 877 3821 909 3870; x_wconf 84' lang='lat' dir='ltr'><strong>sb</strong></span> <span class='ocrx_word' id='word_1_340' title='bbox 927 3822 1109 3872; x_wconf 75' lang='lat' dir='ltr'><strong>Alexandrinis</strong></span> <span class='ocrx_word' id='word_1_341' title='bbox 1128 3821 1226 3886; x_wconf 76' lang='lat' dir='ltr'><strong>civibus</strong></span> <span class='ocrx_word' id='word_1_342' title='bbox 1236 3824 1337 3886; x_wconf 76' lang='lat' dir='ltr'><strong>ejectus</strong></span> <span class='ocrx_word' id='word_1_343' title='bbox 1346 3828 1402 3872; x_wconf 83' lang='lat' dir='ltr'><strong>est:</strong></span> 
     </span>
     <span class='ocr_line' id='line_1_38' title="bbox 308 3886 1405 3959; baseline -0.002 -11"><span class='ocrx_word' id='word_1_344' title='bbox 308 3886 436 3948; x_wconf 68' lang='lat' dir='ltr'><strong>¹³⁸⁵r&#39;&amp;⁰·</strong></span> <span class='ocrx_word' id='word_1_345' title='bbox 698 3923 702 3932; x_wconf 92' lang='lat'>·</span> <span class='ocrx_word' id='word_1_346' title='bbox 877 3896 1026 3946; x_wconf 82' lang='lat' dir='ltr'><strong>Alexander</strong></span> <span class='ocrx_word' id='word_1_347' title='bbox 1043 3899 1077 3949; x_wconf 91' lang='lat' dir='ltr'><strong>oh</strong></span> <span class='ocrx_word' id='word_1_348' title='bbox 1094 3913 1183 3948; x_wconf 84' lang='lat' dir='ltr'><strong>necem</strong></span> <span class='ocrx_word' id='word_1_349' title='bbox 1200 3898 1299 3948; x_wconf 79' lang='lat' dir='ltr'><strong>illatam</strong></span> <span class='ocrx_word' id='word_1_350' title='bbox 1309 3898 1405 3959; x_wconf 74' lang='lat' dir='ltr'><strong>nustri3</strong></span> 
     </span>
    </p>

    <p class='ocr_par' dir='ltr' id='par_1_8' title="bbox 306 3961 1404 4114">
     <span class='ocr_line' id='line_1_39' title="bbox 338 3961 1404 4038; baseline 0.01 -27"><span class='ocrx_word' id='word_1_351' title='bbox 338 3961 353 3990; x_wconf 75' lang='lat'>&#39;</span> <span class='ocrx_word' id='word_1_352' title='bbox 370 3963 553 4015; x_wconf 60' lang='grc'><strong>1111118888.</strong></span> <span class='ocrx_word' id='word_1_353' title='bbox 579 3967 623 4018; x_wconf 90' lang='grc'><strong>01.</strong></span> <span class='ocrx_word' id='word_1_354' title='bbox 640 3973 697 4021; x_wconf 75' lang='grc'><strong>188.</strong></span> <span class='ocrx_word' id='word_1_355' title='bbox 714 3974 738 4022; x_wconf 89' lang='grc'><strong>8.</strong></span> <span class='ocrx_word' id='word_1_356' title='bbox 767 3971 833 4023; x_wconf 89' lang='lat' dir='ltr'><strong>Urh.</strong></span> <span class='ocrx_word' id='word_1_357' title='bbox 874 3971 982 4024; x_wconf 85' lang='lat' dir='ltr'><strong>Auletes</strong></span> <span class='ocrx_word' id='word_1_358' title='bbox 994 3973 1027 4024; x_wconf 93' lang='lat' dir='ltr'><strong>ob</strong></span> <span class='ocrx_word' id='word_1_359' title='bbox 1042 3975 1161 4038; x_wconf 81' lang='lat' dir='ltr'><strong>graviora</strong></span> <span class='ocrx_word' id='word_1_360' title='bbox 1179 3974 1292 4026; x_wconf 82' lang='lat' dir='ltr'><strong>tributa:</strong></span> <span class='ocrx_word' id='word_1_361' title='bbox 1318 3971 1404 4023; x_wconf 82' lang='lat' dir='ltr'><strong>allo·</strong></span> 
     </span>
     <span class='ocr_line' id='line_1_40' title="bbox 306 4033 1403 4114; baseline 0.01 -30"><span class='ocrx_word' id='word_1_362' title='bbox 306 4033 336 4084; x_wconf 86' lang='lat' dir='ltr'><strong>C.</strong></span> <span class='ocrx_word' id='word_1_363' title='bbox 348 4039 405 4086; x_wconf 80' lang='grc'><strong>187.</strong></span> <span class='ocrx_word' id='word_1_364' title='bbox 433 4039 622 4095; x_wconf 78' lang='lat' dir='ltr'><strong>nnt.ch.1os.</strong></span> <span class='ocrx_word' id='word_1_365' title='bbox 874 4049 953 4098; x_wconf 85' lang='lat' dir='ltr'><strong>mania</strong></span> <span class='ocrx_word' id='word_1_366' title='bbox 973 4048 1016 4098; x_wconf 88' lang='lat' dir='ltr'><strong>ille</strong></span> <span class='ocrx_word' id='word_1_367' title='bbox 1035 4051 1061 4099; x_wconf 90' lang='lat' dir='ltr'><strong>in</strong></span> <span class='ocrx_word' id='word_1_368' title='bbox 1080 4050 1163 4098; x_wconf 85' lang='lat' dir='ltr'><strong>insula</strong></span> <span class='ocrx_word' id='word_1_369' title='bbox 1180 4050 1267 4114; x_wconf 82' lang='lat' dir='ltr'><strong>Cypro</strong></span> <span class='ocrx_word' id='word_1_370' title='bbox 1291 4059 1403 4110; x_wconf 83' lang='lat' dir='ltr'><strong>regnare</strong></span> 
     </span>
    </p>

    <p class='ocr_par' dir='ltr' id='par_1_9' title="bbox 337 4105 1404 4190">
     <span class='ocr_line' id='line_1_41' title="bbox 337 4105 1404 4190; baseline 0.009 -28"><span class='ocrx_word' id='word_1_371' title='bbox 337 4105 519 4164; x_wconf 60' lang='lat' dir='ltr'><strong>*Ptolemaeos</strong></span> <span class='ocrx_word' id='word_1_372' title='bbox 527 4117 712 4182; x_wconf 77' lang='lat' dir='ltr'><strong>minoresrutre]</strong></span> <span class='ocrx_word' id='word_1_373' title='bbox 725 4121 832 4173; x_wconf 84' lang='lat' dir='ltr'><strong>Errasse</strong></span> <span class='ocrx_word' id='word_1_374' title='bbox 867 4123 973 4186; x_wconf 81' lang='lat' dir='ltr'><strong>jussus;</strong></span> <span class='ocrx_word' id='word_1_375' title='bbox 990 4126 1055 4176; x_wconf 85' lang='lat' dir='ltr'><strong>hica</strong></span> <span class='ocrx_word' id='word_1_376' title='bbox 1065 4125 1177 4175; x_wconf 84' lang='lat' dir='ltr'><strong>Gabinio</strong></span> <span class='ocrx_word' id='word_1_377' title='bbox 1183 4126 1267 4190; x_wconf 72' lang='lat' dir='ltr'><strong>Syriae</strong></span> <span class='ocrx_word' id='word_1_378' title='bbox 1275 4129 1329 4175; x_wconf 85' lang='lat' dir='ltr'><strong>turn</strong></span> <span class='ocrx_word' id='word_1_379' title='bbox 1339 4123 1404 4173; x_wconf 86' lang='lat' dir='ltr'><strong>Pro·</strong></span> 
     </span>
    </p>
   </div>
   <div class='ocr_carea' id='block_1_7' title="bbox 302 4182 1274 4325">
    <p class='ocr_par' dir='ltr' id='par_1_10' title="bbox 302 4182 1274 4325">
     <span class='ocr_line' id='line_1_42' title="bbox 303 4182 1274 4262; baseline 0.022 -30"><span class='ocrx_word' id='word_1_380' title='bbox 303 4183 352 4234; x_wconf 91' lang='lat' dir='ltr'><strong>hoc</strong></span> <span class='ocrx_word' id='word_1_381' title='bbox 374 4182 401 4232; x_wconf 89' lang='lat' dir='ltr'><strong>iu</strong></span> <span class='ocrx_word' id='word_1_382' title='bbox 421 4184 478 4234; x_wconf 88' lang='lat' dir='ltr'><strong>loco</strong></span> <span class='ocrx_word' id='word_1_383' title='bbox 500 4189 631 4241; x_wconf 82' lang='lat' dir='ltr'><strong>Valerium</strong></span> <span class='ocrx_word' id='word_1_384' title='bbox 654 4210 760 4247; x_wconf 79' lang='lat' dir='ltr'><strong>necesse</strong></span> <span class='ocrx_word' id='word_1_385' title='bbox 781 4205 832 4262; x_wconf 87' lang='lat' dir='ltr'><strong>est,</strong></span> <span class='ocrx_word' id='word_1_386' title='bbox 871 4201 977 4250; x_wconf 87' lang='lat' dir='ltr'><strong>consule</strong></span> <span class='ocrx_word' id='word_1_387' title='bbox 989 4199 1065 4251; x_wconf 81' lang='lat' dir='ltr'><strong>armis</strong></span> <span class='ocrx_word' id='word_1_388' title='bbox 1075 4201 1212 4252; x_wconf 79' lang='lat' dir='ltr'><strong>restitutus</strong></span> <span class='ocrx_word' id='word_1_389' title='bbox 1222 4207 1274 4253; x_wconf 81' lang='lat' dir='ltr'><strong>est.</strong></span> 
     </span>
     <span class='ocr_line' id='line_1_43' title="bbox 302 4259 831 4325; baseline 0.025 -13"><span class='ocrx_word' id='word_1_390' title='bbox 302 4273 361 4312; x_wconf 84' lang='lat' dir='ltr'><strong>cnm</strong></span> <span class='ocrx_word' id='word_1_391' title='bbox 381 4259 546 4312; x_wconf 84' lang='lat' dir='ltr'><strong>ductantem</strong></span> <span class='ocrx_word' id='word_1_392' title='bbox 566 4265 703 4319; x_wconf 78' lang='lat' dir='ltr'><strong>Ptolemaei</strong></span> <span class='ocrx_word' id='word_1_393' title='bbox 726 4273 831 4325; x_wconf 75' lang='lat' dir='ltr'><strong>Romana</strong></span> 
     </span>
    </p>
   </div>
   <div class='ocr_carea' id='block_1_8' title="bbox 0 0 1544 5106">
    <p class='ocr_par' dir='ltr' id='par_1_11' title="bbox 0 0 1544 5106">
     <span class='ocr_line' id='line_1_44' title="bbox 0 0 1544 5106; baseline 0 7"><span class='ocrx_word' id='word_1_394' title='bbox 0 0 1544 5106; x_wconf 95' lang='lat' dir='ltr'><strong> </strong></span> 
     </span>
    </p>
   </div>
  </div>
 </body>
</html>
