3234 5110
456 462 536 510 ων.
554 459 592 508 x.
616 460 665 509 nn
688 457 873 508 narramus
896 439 1093 508 renerius
1243 444 1309 510 583

262 606 295 670 2.
317 603 450 670 crorum
464 603 674 687 exemplum:
695 622 756 667 nec
777 603 886 668 minus
908 607 1042 668 tumen4
1071 602 1199 668 illustre
1216 605 1308 687 qnod

222 709 380 791 sequitur.
422 706 578 771 AEmilias
592 705 732 783 Paulas,
755 725 842 769 nnnc
866 705 1066 784 felicissimi,
1088 723 1174 769 nunc
1194 706 1308 770 miser·

219 808 293 872 rimi
316 808 423 890 putris
446 805 632 870 clarissime
656 805 914 888 repraesentatio,
936 825 982 869 ex
996 813 1137 889 quatuor
1151 806 1229 872 filiis
1242 809 1307 874 sor·

220 927 286 971 mse
301 909 451 990 insignis,
465 909 603 992 egregius
618 905 752 982 indolis,
763 905 847 970 duos
857 906 930 988 jure
941 907 1154 990 adoptionisd
1179 910 1213 972 in
1228 909 1308 975 Cor-

220 1010 337 1073 nelium
355 1009 562 1091 Fabiumque
573 1012 704 1090 gentem
715 1006 906 1082 translatos,
927 1009 991 1071 sibi
1003 1010 1079 1091 ipse
1092 1008 1309 1092 denegavit:5

221 1109 310 1174 duos
325 1111 357 1175 ei
370 1111 502 1175 fortuna
517 1110 661 1174 abstulit.
707 1106 860 1185 Quorum
883 1109 966 1173 ulter
981 1109 1187 1193 triumphum
1202 1114 1308 1196 petris

221 1208 332 1274 funere
346 1230 407 1274 suu
429 1216 582 1294 quartum
607 1209 791 1273 antediem
814 1210 1007 1288 praecessit:
1030 1210 1114 1275 ulter
1135 1212 1171 1275 in
1195 1214 1309 1277 trium·

222 1310 418 1392 pbalicnrrn
435 1313 645 1389 conspectus,
662 1311 741 1388 post
753 1305 841 1368 diem
851 1308 978 1370 tertium
988 1311 1166 1391 expiravit.
1190 1311 1310 1397 Itaque

222 1413 279 1494 qui
303 1412 346 1476 ad
372 1408 544 1473 donandos
568 1427 670 1490 usqne
693 1407 819 1470 liberos
845 1407 1097 1484 abundaverat?
1117 1411 1150 1474 in
1169 1415 1309 1480 orbitate

221 1513 335 1576 sabito
349 1509 525 1574 destitutus
539 1514 600 1571 est
643 1505 754 1584 Quem
777 1525 891 1570 casnm
907 1526 972 1589 quo
985 1509 1104 1574 robore
1119 1511 1221 1576 animi
1236 1535 1311 1579 sns-

221 1611 372 1688 tinuerit,
386 1609 545 1687 orutione,
559 1627 659 1694 qnam
672 1607 820 1671 derebus
834 1627 900 1672 ase
910 1609 1012 1691 gestis
1026 1612 1116 1693 apud
1129 1614 1310 1696 populam⁷

221 1712 350 1789 habuit,
376 1711 463 1775 bunc
486 1710 674 1794 adjiciendo
696 1709 892 1787 clausulam,
919 1711 1003 1775 nulli
1029 1714 1218 1794 ambiguam
1237 1715 1312 1780 reli-

223 1815 315 1898 quit:
338 1813 447 1878 ‘Cum
461 1814 496 1877 in
510 1814 658 1876 maximo
673 1814 835 1894 proventu
860 1810 1056 1877 felicitatis⁸
1077 1819 1213 1892 nostrae,
1229 1813 1312 1892 Qui·

223 1916 311 1992 rites,
336 1915 498 1992 timerem,
520 1933 563 1977 ne
589 1912 670 1996 quid
698 1911 779 1975 meli
807 1912 941 1976 sortunu
961 1914 1313 2000 molireturpdovenrv

223 2013 303 2099 Opt.
327 2016 422 2080 Max.
448 2009 680 2097 Junouemqae
701 2013 859 2094 reginum,
883 2021 915 2077 et
944 2013 1132 2080 Minervam
1154 2024 1312 2101 precatus

225 2137 310 2194 sum,
324 2122 374 2194 ut,
388 2118 419 2180 si
434 2117 567 2182 adversi
580 2115 661 2199 qaid
675 2115 802 2198 populo
824 2113 976 2178 Romano
991 2116 1184 2194 immineret,
1207 2125 1314 2185 totam

224 2220 259 2282 in
270 2237 376 2284 meum
391 2219 526 2282 domum
540 2221 788 2281 converteretur.
827 2214 1044 2301 Quapropter
1059 2220 1145 2282 bene
1156 2219 1256 2285 babet
1266 2243 1275 2302 3
1286 2231 1313 2260 ¹⁰

225 2319 397 2384 annuendo
412 2319 498 2383 enim
511 2319 599 2384 votis
618 2319 703 2382 meis
725 2317 760 2382 id
783 2325 930 2400 egerunt,
944 2326 981 2383 ut
999 2338 1062 2384 vos
1078 2321 1190 2403 potius
1203 2342 1312 2387 meum

226 2439 340 2486 cusum
355 2421 509 2505 doleatis,
524 2440 625 2503 quum
641 2439 703 2504 ego
718 2425 826 2484 vestro
842 2420 1131 2502 ingemiscerem.’r

266 2522 298 2586 3.
321 2521 399 2587 Uno
414 2524 633 2588 etiamnunc¹¹
658 2523 842 2587 domestico
857 2524 1011 2606 exemplo
1026 2523 1169 2608 adjecto,
1184 2525 1218 2588 in
1233 2525 1313 2590 ulie-

227 2622 281 2687 nis
292 2622 439 2688 luctibus
459 2624 599 2689 oiauoni
624 2643 709 2688 mem
731 2624 845 2707 rugari
868 2626 1065 2706 permittam.
1103 2623 1148 2703 Q.
1165 2625 1313 2691 Marcius

228 2903 373 2966 beralitate,
383 2911 413 2953 ut
424 2903 462 2952 ait
470 2904 637 2962 Perimelen
657 2915 736 2964 qnare
754 2902 809 2949 brec
819 2901 897 2949 rerba
908 2899 1004 2951 delevit
1015 2899 1208 2952 Tononita-t
1218 2903 1314 2967 Ultrej.

227 2971 251 3016 2.
263 2973 290 3017 et
300 2969 373 3018 Leid.
382 2972 407 3018 t.
416 2967 507 3016 delent
518 2970 652 3016 tam-5
671 2963 800 3013 Klolrklus
811 2963 882 3012 delet
892 2966 1027 3024 translatos,
1037 2965 1167 3027 legitque:
1183 2968 1210 3015 iu
1229 2967 1316 3016 cmc-

226 3030 283 3081 liarr
294 3032 436 3093 Fabiumque
445 3036 540 3092 geaten
557 3029 604 3078 ribi
617 3028 666 3091 ipre
684 3028 867 3088 abrogavit-b
885 3027 953 3077 Dan.
969 3029 1137 3088 ambulaverat,
1148 3029 1215 3091 quud
1225 3029 1317 3080 meluit

226 3095 343 3144 colerae.
376 3096 440 3142 Mox
451 3094 570 3141 Voratius
582 3091 647 3155 conj.
659 3091 811 3149 sobitum
827 3091 979 3140 Perizonius
990 3106 1052 3140 vero
1069 3092 1203 3140 natira-r
1220 3091 1318 3156 Ultrej.

226 3161 252 3208 Ξ.
260 3160 292 3206 ad
301 3158 467 3234 poputum—t}
484 3155 624 3218 seherum
641 3156 672 3232 ad
685 3157 751 3232 Vel-l.
764 3169 794 3204 n.
806 3160 845 3204 10.
863 3160 984 3230 teetatpr,
995 3163 1097 3204 veteres
1109 3153 1213 3230 codices
1221 3155 1318 3205 bebere

224 3227 335 3335 utet
346 3220 676 3346 tuttelstet
687 3218 1201 3333 stret‘'tt’nz‘ittttttr:
1211 3225 1319 3333 tut?

226 3351 330 3399 Deinde
341 3349 496 3398 Tarrsniani
508 3349 584 3398 codd.
603 3363 661 3398 cam
679 3349 751 3410 Mog.
769 3351 796 3397 at
813 3347 835 3395 rt
852 3349 909 3411 qaid
926 3347 1026 3397 mand.
1060 3349 1122 3396 Max
1142 3347 1209 3396 idem
1232 3347 1318 3398 Celer.

226 3417 319 3463 douram
326 3418 471 3463 musnet
482 3413 549 3476 qnod
560 3413 638 3462 etism
651 3411 920 3476 rejiciuntcodd.—l(t
937 3411 1006 3460 Ante
1017 3411 1103 3460 Celer.
1115 3411 1244 3461 edebatur
1254 3411 1320 3468 Qua·

225 3483 319 3540 prpter
329 3477 469 3528 luerem
477 3478 555 3527 tabet.
588 3476 664 3528 Quod
676 3479 702 3524 in
714 3476 780 3526 ides.
799 3475 887 3525 decem
907 3489 1009 3540 qaoque
1027 3475 1127 3526 invenit
1145 3477 1253 3526 Turrem

228 3541 284 3592 tm
302 3542 372 3592 babet
388 3541 485 3590 diserte
497 3541 620 3590 exhibent
630 3541 723 3604 Ultraj.
736 3539 811 3602 prim.
823 3539 909 3590 Perit.
922 3540 994 3590 leid.
1006 3554 1058 3591 rec.
1069 3541 1148 3590 Burb.
1159 3539 1234 3603 prim.
1245 3538 1318 3589 Med.

229 3619 282 3654 eec.
294 3605 349 3654 berre
363 3621 388 3654 re
399 3606 466 3654 rerer
479 3605 553 3655 Harl.
586 3605 650 3654 Mox
661 3605 988 3666 lectiamocarudaleatr'e,
1006 3618 1021 3652 u
1039 3605 1132 3654 Colere
1147 3611 1197 3653 ert.
1230 3602 1319 3653 Ceteri

228 3683 303 3717 mer
312 3683 397 3730 ιω,
408 3683 466 3718 cum
479 3671 608 3732 plerisque
621 3669 685 3718 Mer.
703 3666 808 3716 Pridera
818 3681 919 3782 quoue
930 3671 1071 3717 edebatur:
1088 3671 1191 3716 „earam
1208 3665 1320 3729 ingentu·

228 3746 311 3781 mea.
342 3732 393 3782 Sed
406 3735 454 3782 boe
465 3733 529 3782 bier.
540 3747 592 3783 non
604 3746 677 3796 eque
686 3729 840 3795 approbant.
910 3733 1025 3782 ideert.
1040 3730 1128 3792 haber,
1144 3729 1171 3779 tn
1188 3736 1264 3779 cestre
1281 3731 1320 3778 irr-

227 3795 447 3856 emissam-u
465 3798 588 3847 ‘Ceteras
599 3799 718 3846 voculam
729 3810 791 3845 nanc
802 3797 936 3860 expunxit.
964 3796 1063 3845 Verum
1074 3795 1134 3858 quie
1144 3807 1232 3844 omues
1242 3793 1319 3843 codd.

230 3859 324 3910 urbem
345 3862 486 3923 numm,
506 3875 558 3910 non
580 3867 678 3912 temere
699 3859 795 3924 aliquid
814 3859 996 3910 eliminandam
1015 3857 1122 3922 putem?
1142 3857 1222 3908 rme.
1254 3857 1318 3909 Mor

720 4006 827 4058 Norrr.

264 4117 358 4172 ‘Deae
373 4119 431 4182 jure
451 4119 594 4184 adoptionis]
622 4118 696 4169 Alter
720 4121 754 4173 Q.
795 4133 874 4169 oenus
885 4120 977 4168 minor.

234 4193 328 4244 Fabios
345 4199 476 4248 Maximus
498 4197 661 4256 AEmiliunus3
690 4198 755 4247 ulter
827 4193 949 4249 irtuM.
961 4197 1034 4244 ³88⁷.
1053 4193 1096 4246 01.
1104 4199 1158 4248 158.
1169 4201 1193 4250 t.
1211 4195 1274 4248 Urb.
1286 4196 1317 4244 C.

231 4267 266 4320 P.
277 4269 410 4321 Cornelius
422 4272 510 4338 Scipio
521 4271 679 4336 Rullianus,
687 4269 755 4322 Anr·
795 4275 852 4322 50⁰.
870 4269 985 4323 luten.
993 4275 1047 4322 ltd-
