3180 5120
329 465 396 530 870
623 476 780 526 vinnan
806 475 950 524 unxrrrr
976 474 1047 525 nin.
1070 475 1126 524 rx.

331 618 506 698 Beronice,
523 638 598 704 qum
614 620 811 684 ‘Laodices‘
840 619 973 684 insidiis
992 621 1215 702 interceptum
1239 619 1306 684 slbi
1317 619 1420 684 tilium

332 725 473 807 graviter
497 721 615 798 ferens,
638 729 765 786 armate
794 741 925 785 currum
951 722 1156 800 conscendit,
1181 727 1422 805 persecutaque

332 821 511 889 satellitem
526 823 649 904 regium
672 824 821 888 crudelis
839 825 954 907 operis
976 815 1175 900 ministrnm,
1200 824 1334 888 nomine
1348 821 1422 902 Gee-

332 944 443 1001 neum,
458 943 556 1009 quern
568 933 593 962 ¹⁰
608 924 708 988 hasta
721 927 941 1008 nequicquam
957 926 1112 1008 petierat,
1128 944 1213 988 saxo
1227 925 1331 988 ictum
1345 941 1423 1005 pro-

334 1027 468 1104 stravit3
491 1045 532 1089 ac
546 1044 645 1108 snper
659 1025 731 1109 ejus
746 1044 871 1109 corpus
885 1027 974 1089 actis
988 1027 1094 1108 equis,
1112 1026 1193 1089 inter
1207 1025 1328 1090 infesta
1341 1043 1423 1086 cou-

332 1127 445 1191 trariee
472 1126 575 1210 partis
601 1127 735 1209 agmina
761 1125 805 1189 ad
829 1126 973 1203 domum,
1000 1127 1119 1209 inqua
1139 1124 1300 1189 interfecti
1326 1124 1423 1207 pueri

334 1243 455 1310 corpus
470 1228 631 1292 occultari
645 1229 872 1306 arbitrabatur,
886 1227 1053 1312 perrexit*

344 1355 348 1370 ν
377 1328 410 1392 2.
432 1329 594 1394 Iasonem
615 1327 840 1409 'Thessalum‘
857 1331 1034 1395 Persarum
1061 1330 1131 1412 regi
1155 1327 1281 1392 bellum
1305 1327 1428 1391 inferre

334 1437 519 1513 parantem,
536 1453 579 1496 an
597 1435 680 1498 satis
701 1432 799 1516 justa
820 1432 902 1496 ultio
918 1433 1127 1507 absumserit,
1154 1429 1321 1510 ambiguae
1337 1428 1425 1494 aesti-

333 1533 489 1595 mationis
503 1543 565 1597 est.
608 1533 745 1599 Taxillo
755 1543 778 1574 ¹¹
806 1536 894 1598 enim
909 1533 1171 1617 gymnasiarchae
1186 1551 1207 1594 a
1222 1528 1424 1613 quibusdam

332 1631 512 1715 juvenibus
526 1635 697 1719 pulsatum
715 1657 752 1701 se
768 1647 961 1719 conquesto,
976 1636 1135 1720 permisit,
1151 1640 1189 1698 ut
1210 1639 1270 1698 aut
1283 1631 1426 1696 tricenas

338 1735 382 1798 ab
397 1734 450 1799 his
465 1736 809 1822 drachmasexigeret,
824 1746 882 1804 ant
904 1739 1009 1802 denas
1023 1739 1140 1822 plagas
1167 1732 1307 1818 siugulis
1321 1732 1428 1816 impo-

337 1841 438 1901 neret.
483 1836 561 1914 Quo
577 1841 762 1921 posteriore
776 1840 927 1906 vindicta
940 1857 1015 1916 uso,
1030 1839 1089 1921 qui
1103 1838 1355 1919 vapulaverunt,
1368 1831 1428 1896 Ja-

339 1955 455 2000 sonem
465 1938 711 2017 interfecerunt,
726 1941 839 2019 animi,
854 1960 921 2004 non
935 1941 1086 2024 corporis
1101 1939 1215 2002 dolore
1231 1955 1343 2019 poenae
1357 1952 1426 1997 mo-

339 2035 418 2100 durn
454 2040 668 2105 aestimantes.
726 2040 881 2106 Ceterum
918 2060 1022 2126 parvo
1057 2041 1257 2104 irritamento
1293 2033 1427 2117 ingenui

340 2138 481 2217 pudoris
496 2141 652 2206 maximae
666 2142 714 2206 rei
727 2142 918 2226 expectatio
929 2144 1069 2208 subruta
1084 2146 1155 2207 est:
1182 2137 1340 2222 quoniam
1354 2133 1428 2218 opi-

794 2309 975 2330 mm

340 2391 429 2442 delent
462 2401 647 2458 reuomentem
664 2402 737 2452 leid.
748 2409 773 2453 a.
791 2404 957 2468 interemptum
973 2365 1187 2467 nuptm-'uo
1203 2401 1314 2452 iteret.
1334 2397 1429 2460 Piguit,

339 2455 433 2518 (iopes.
472 2457 540 2521 ltraj.
551 2465 575 2509 2.
587 2462 684 2525 aliquot
701 2479 733 2513 ex
751 2466 878 2515 Gudisuis
898 2474 925 2514 et
943 2467 1015 2527 Meg.
1035 2467 1148 2513 nonnulli
1165 2466 1260 2514 etism:
1277 2477 1344 2526 quem
1361 2461 1429 2510 indu

339 2533 481 2586 neququruu
499 2527 662 2586 poma-11
686 2527 792 2588 dexippo
813 2529 880 2578 Dan.
901 2529 1023 2591 Plerique
1045 2526 1122 2577 codd.
1142 2534 1169 2576 et
1190 2526 1249 2578 edd.
1269 2535 1331 2577 aute
1353 2525 1429 2590 Piri.

831 2673 940 2726 NOTAE

339 2774 373 2824 ris
382 2774 447 2824 tilius
465 2789 492 2824 se
503 2791 561 2826 cunr
575 2778 626 2827 suis
635 2779 693 2828 eino
706 2777 862 2844 ingurgitat:
904 2780 957 2830 Dei
975 2793 1066 2829 uxores
1081 2776 1196 2842 luerunt,
1206 2777 1316 2843 intelligi
1328 2779 1431 2832 debeat.

339 2855 394 2900 tum
410 2851 495 2901 media
510 2860 587 2903 nocte
610 2853 793 2918 superveniens
812 2857 864 2919 Cy·
906 2855 1036 2906 Laodicen
1055 2855 1111 2919 jem
1130 2854 1174 2904 din
1192 2867 1298 2903 uxorem
1321 2855 1432 2904 duxerat

339 2939 458 2990 rus,eurn
478 2942 536 2977 cunr
547 2931 663 2980 exercita
678 2930 765 2980 cedit.
799 2931 865 2982 liaec
908 2931 1061 2992 Antiochus,
1079 2944 1146 2991 cnm,
1165 2935 1224 2993 post
1235 2928 1356 2978 diuturne
1373 2943 1430 2979 curn

340 3002 443 3068 quidem
453 3004 588 3066 luminum
606 3013 633 3054 ut
644 3005 796 3056 Herodotus
810 3008 867 3056 vult
909 3007 1078 3069 Philadelpho
1096 3005 1172 3068 belis,
1193 3005 1338 3056 Berenicen
1357 3019 1432 3054 acce·

342 3088 449 3143 ceptum
478 3080 670 3146 Spurqublsum,
689 3083 800 3148 sibique,
825 3084 869 3134 nbi
908 3084 961 3146 pit3
979 3083 1139 3147 primumque
1157 3082 1289 3133 Laodicen
1301 3081 1430 3133 cumillis

342 3153 473 3206 ebrietate
495 3158 595 3207 solutus
615 3166 665 3218 est,
681 3166 789 3208 mortem
811 3172 869 3207 con·
907 3157 1015 3207 Seleuco
1035 3164 1063 3207 et
1086 3157 1217 3208 Antiocho
1236 3159 1295 3209 culs
1315 3159 1432 3222 expulit3

342 3231 457 3280 sciuisse.
502 3232 595 3281 Brevis
622 3239 707 3281 tamen
735 3240 762 3282 et
787 3231 867 3281 fallax
907 3233 1041 3298 sedpaulo
1058 3241 1117 3298 post
1133 3237 1432 3285 emorerictnseumre·

341 3302 442 3354 fructus
453 3306 587 3355 victorie:
605 3306 687 3370 Cyrus
705 3307 773 3356 eninr
794 3307 821 3355 lu
833 3309 868 3357 lo·
909 3309 997 3359 duxit:
1014 3325 1071 3374 qun
1089 3310 1172 3360 verita
1191 3311 1240 3359 riri
1259 3311 1359 3361 mobilis
1379 3311 1431 3360 eni·

341 3391 400 3427 curn
410 3379 524 3442 iniquum
535 3381 708 3447 progreditur,
715 3383 758 3432 ubi
768 3382 868 3432 insidiis
909 3399 1050 3448 mum,eurn
1061 3387 1163 3435 sustulit
1171 3401 1269 3437 veneno
1280 3403 1287 3447 ς
1305 3396 1332 3436 et
1342 3387 1433 3437 Selen-

341 3450 452 3500 hostium
470 3452 661 3504 circumventus
673 3471 730 3506 curn
750 3457 867 3507 omnihus
908 3475 953 3511 cus
962 3462 1102 3512 Beronices
1111 3461 1191 3512 filium
1207 3464 1340 3525 ipsamque
1351 3462 1430 3510 Bero-

342 3526 424 3588 copiis
433 3527 585 3577 conciditur.
907 3538 983 3587 nieen
995 3539 1027 3588 ab
1039 3537 1183 3587 Antiochiae
1200 3535 1333 3587 Praefecto
1348 3534 1431 3586 occidi

375 3601 390 3630 ³
408 3600 459 3651 An.
479 3602 517 3650 Μ.
528 3605 601 3651 8⁶2⁸.
621 3602 714 3654 Olffl.
725 3609 749 3656 Β.
760 3604 825 3657 Ulli.
836 3607 868 3658 C.
904 3614 989 3677 junii.

341 3675 473 3740 eratne
490 3677 602 3727 curm.
939 3699 951 3744 t
968 3683 1430 3741 An.m.aeo⁵.oi.1rn.r.Urb.c.

374 3759 386 3787 ⁸
403 3753 530 3816 Bermioe,
550 3769 603 3818 que
620 3755 741 3822 Modicus,
756 3759 808 3823 tra]
825 3758 867 3811 Ab
906 3767 963 3814 664.
974 3766 1037 3818 Ant.
1046 3767 1092 3816 Ch.
1104 3771 1144 3816 88.

343 3829 461 3881 Oliuerio
471 3829 520 3880 huc
531 3830 557 3879 iu
570 3835 653 3894 purte,
664 3832 727 3882 utin
739 3835 795 3884 aliis
806 3837 869 3886 mul·
940 3838 951 3872 ¹
963 3843 1075 3893 doronem
1097 3841 1240 3905 clamem]
1258 3841 1349 3892 Virum
1373 3841 1433 3893 belli

344 3905 389 3968 tis,
411 3905 549 3956 dissentio:
578 3905 604 3955 id
633 3907 701 3958 enirn
730 3911 870 3976 Berenice,
909 3917 1101 3980 peritissimum,
1121 3917 1286 3983 quisubactn
1302 3917 1432 3967 haeruli!

342 3993 399 4042 quae
421 3980 583 4030 Mithridatis
598 3982 677 4033 Ponti
700 3985 778 4049 Regis
796 4001 868 4036 soror
908 3994 940 4041 sd
960 4002 1058 4044 tentem
1074 3995 1219 4058 potentium
1236 3995 1314 4056 venit,
1325 4000 1353 4041 ut
1373 3999 1432 4041 octo

343 4061 409 4114 erat,
429 4056 537 4117 tribuit3
557 4072 604 4120 ego
621 4073 672 4107 non
690 4059 767 4110 item:
794 4061 868 4110 valde
908 4069 1022 4138 equitum
1045 4070 1132 4130 mittin,
1149 4077 1177 4120 et
1198 4070 1288 4134 viginti
1316 4067 1433 4133 peditum

342 4127 410 4176 enirn
421 4128 499 4178 ielsns
515 4147 580 4194 snm,
601 4135 649 4184 nisi
659 4135 692 4184 de
704 4135 830 4186 Berenice
841 4145 869 4187 et
908 4144 990 4206 gravis
1007 4150 1144 4194 armature
1163 4145 1191 4194 in
1209 4145 1285 4197 armis
1306 4144 1434 4196 heberet:

343 4201 465 4262 Leodice,
482 4219 540 4268 qnae
562 4213 591 4256 et
612 4224 724 4273 sorores,
743 4220 771 4261 et
784 4212 869 4262 Ptole·
908 4231 1011 4268 suorum
1022 4217 1124 4270 insidiis
1136 4221 1222 4285 periit.

343 4273 401 4326 mai
423 4273 584 4340 Philadelphi
605 4280 676 4346 filie,
701 4291 730 4334 et
747 4283 869 4338 Antiochi
