3180 5120
320 443 385 510 ete
618 455 774 503 vannum
799 451 942 501 usxrur
967 451 1038 500 orn.
1061 451 1116 500 rx.

363 599 395 662 2.
409 595 501 661 Huic
510 595 663 659 nimirum
676 594 785 675 magis
793 593 942 676 AEsopus
953 591 1139 672 tragoedus⁶
1148 592 1183 656 in
1194 593 1406 677 adoptionem

320 699 398 762 dare
414 695 519 758 filium
535 714 642 771 sunm,
666 713 767 777 quam
787 694 949 758 bonorum
973 711 1107 756 suorum
1128 693 1292 758 baeredem
1306 694 1408 758 relin-

319 815 421 879 quere
435 795 562 870 debuit,
575 815 640 859 nen
654 794 767 858 selum
781 793 932 876 perdite,
947 791 1007 855 sed
1021 793 1128 856 etiam
1146 792 1285 857 iuriosae
1307 793 1408 856 luxu·

317 897 377 959 riae
388 895 554 977 juvenem.
600 892 707 972 Quem
734 897 865 958 constat
886 897 986 956 cantu
1010 891 1313 957 commendabiles!
1333 893 1407 958 avi·

317 995 412 1058 culas
439 994 640 1058 immanibus
669 999 776 1058 emtas
800 995 928 1075 pretiis,
953 1013 1014 1075 pro
1042 992 1218 1058 ficedulie⁷
1255 1010 1405 1075 ponere;

317 1101 479 1176 acetoque
512 1092 684 1176 liquatos*
720 1113 848 1175 magnae
871 1113 1008 1158 summm
1041 1091 1178 1158 uniones
1207 1091 1404 1175 potionibus

316 1214 491 1278 aspergere
516 1195 672 1274 solitum;
706 1193 949 1275 amplissimum
972 1193 1219 1274 patrimonium,
1245 1197 1405 1273 tanquam

316 1314 460 1360 amaram
475 1295 621 1378 aliquam
635 1296 813 1371 sarcinam,
836 1311 934 1376 quam
955 1292 1125 1357 celerrime
1149 1292 1293 1375 abjicere
1308 1289 1405 1370 eupi-

316 1403 433 1460 entem.
478 1393 627 1474 Quorum
655 1397 791 1460 alterius
807 1395 909 1470 senis,
935 1394 1072 1457 alterius
1094 1391 1317 1456 adolescentis
1332 1408 1405 1454 sec-

316 1502 385 1559 tam
400 1495 526 1559 secuti⁸
540 1496 671 1576 longius
685 1513 803 1558 manns
815 1494 1053 1577 porrexerunt!
1075 1491 1199 1575 Neque
1209 1489 1402 1555 enimullum

314 1593 427 1658 linitur
448 1595 565 1659 vitium
589 1595 650 1669 ibi,
678 1594 736 1658 ubi
761 1595 874 1658 oritur.
917 1593 1002 1656 Inde
1025 1595 1069 1657 ab
1093 1592 1220 1656 Oceani
1237 1588 1403 1654 littoribus

316 1695 448 1759 attracti
468 1691 598 1776 pisces:
627 1694 705 1758 inde
727 1692 848 1758 inlusae
867 1693 987 1757 culinis
1002 1689 1125 1758 arcae:i
1158 1690 1405 1772 censibusque⁹

315 1792 436 1857 edendi
450 1801 551 1877 atque
564 1795 699 1859 bibendi
712 1797 866 1877 voluptas
877 1800 1008 1876 reperta
1022 1800 1099 1858 este

356 1894 389 1958 3.
413 1893 499 1958 Urbi
515 1903 625 1960 autem
638 1901 762 1961 uesbaa
778 1896 917 1964 secundi
931 1896 1013 1960 belli
1036 1892 1158 1958 Punici
1172 1889 1259 1965 linis,
1274 1895 1308 1953 et
1321 1888 1403 1952 Pbi·

313 1994 429 2076 lippus
442 2013 504 2058 rex
520 1995 740 2074 ‘Macedoniae
762 1997 930 2073 devictus,
952 1995 1131 2060 licentioris
1151 1992 1229 2056 vitae
1244 1989 1401 2053 fiduciam

345 2179 357 2212 ⁶
367 2183 409 2232 Ex
419 2184 583 2234 amatorum
591 2186 725 2248 regionibus
735 2186 798 2236 cibor
805 2189 836 2236 ud
844 2185 940 2236 deiieim
949 2200 1004 2236 area
1013 2182 1231 2249 uffmijauemt.

312 2417 371 2466 Duo
383 2415 458 2465 codd.
469 2417 577 2469 Torren.
594 2424 635 2482 pai
650 2430 805 2485 patarea-d
821 2424 914 2474 Atreb.
930 2423 1033 2473 Gembl.
1044 2429 1072 2471 et
1082 2423 1143 2471 Vet.
1156 2419 1318 2481 tropina-⁷
1335 2415 1403 2466 rud.

310 2487 371 2528 ante
382 2479 489 2529 Turrem.
501 2481 594 2531 iacoeae
605 2487 765 2548 projiceduiie
771 2503 781 2544 ,·
797 2487 842 2534 sed
854 2487 936 2536 rerba
947 2487 972 2534 in
982 2499 1047 2534 cm
1056 2485 1150 2533 desunt
1159 2483 1184 2531 iu
1194 2482 1271 2532 codd.
1282 2481 1399 2530 undecim

310 2558 368 2592 curn
388 2543 459 2606 Meg.
475 2544 559 2593 Panlo
575 2555 634 2608 pest
652 2549 753 2610 11981155
770 2550 795 2596 in
807 2561 853 2597 sex
870 2549 998 2596 redd-8
1016 2547 1120 2610 Pigbiur
1131 2561 1164 2595 ex
1181 2547 1400 2596 wlodoweium

309 2607 383 2655 uerti
400 2607 516 2669 μανίαι]
533 2609 577 2656 sed
593 2611 690 2672 plurimi
707 2625 757 2659 nou
768 2619 911 2667 umescunt
922 2610 966 2659 alii
983 2608 1059 2660 codd.
1071 2623 1119 2658 nee
1130 2609 1184 2659 nlla
1194 2609 1308 2660 edente
1325 2607 1400 2669 ligii.

309 2670 344 2717 ibi
353 2667 410 2718 fere
421 2685 508 2720 omues
520 2673 648 2722 retinent:
666 2675 753 2722 trabea
768 2673 802 2723 ibi
809 2674 901 2739 finum
913 2674 984 2722 beld.
997 2678 1073 2722 8.-11
1088 2672 1131 2722 Ita
1141 2672 1217 2732 codd.
1226 2681 1253 2722 et
1265 2673 1323 2721 edd.
1335 2679 1399 2720 vett.

308 2731 416 2792 Pighius
437 2749 499 2783 vero
527 2750 560 2784 ex
584 2737 638 2785 rolo
656 2737 758 2786 Wiuck.
781 2739 857 2801 legit:
887 2737 973 2787 eatinis
993 2743 1086 2786 ostrea.
1102 2737 1164 2786 Arte
1182 2737 1340 2800 sardineae,
1358 2737 1399 2796 dt.

306 2794 453 2844 ‘Kloklriur
474 2799 579 2860 legebat
589 2801 696 2849 minu
716 2814 789 2863 arca,
810 2803 865 2851 iude
884 2801 990 2850 censitus
1010 2801 1112 2858 κακῶς
1128 2801 1179 2862 rel,
1196 2800 1282 2848 eatinis
1297 2799 1402 2848 cerebra

307 2872 377 2920 urea,
389 2860 443 2907 inde
452 2862 551 2911 mendi:
569 2863 593 2910 in
605 2865 664 2914 Bar.
673 2871 728 2914 est:
745 2865 909 2914 &Maureta
918 2863 1130 2920 emereamur,-
1146 2863 1214 2911 inter
1224 2863 1289 2910 Erc.
1300 2862 1401 2911 Donec.

307 2921 362 2970 bae
381 2930 473 2972 notata
491 2925 610 2976 invenio:
628 2929 715 2990 ‘Ilpa
733 2927 822 2987 latare
837 2923 922 2977 culinis
937 2934 1001 2977 mer
1015 2941 1077 2976 cera
1096 2931 1124 2974 rt
1134 2925 1222 2974 chart.
1232 2924 1318 2972 culinis
1327 2939 1399 2972 urea.

306 2985 373 3060 Sem
386 2987 468 3049 Epist.
487 2993 527 3037 81.
547 2990 615 3040 Plio.
629 3004 712 3041 xxix.
725 2995 748 3039 1.
760 2993 820 3041 Seu.
833 2993 883 3054 Ep.
895 2995 953 3041 115.
965 2991 1043 3038 Mart.
1055 3003 1082 3039 v.
1092 2992 1133 3037 tl.
1165 2987 1286 3036 Ceterum
1303 2987 1398 3048 Plgno·

306 3051 359 3097 rius
370 3065 402 3099 ex
414 3053 466 3099 suia
477 3053 548 3102 libris
560 3052 685 3115 prefert:
702 3055 787 3104 culinis
796 3061 868 3104 erres.
881 3068 907 3114 p.
924 3059 965 3103 44.
977 3054 1027 3102 Ed.
1040 3053 1099 3102 Pat.
1110 3050 1143 3100 de
1153 3049 1218 3100 Ser!
1250 3049 1398 3100 Gronovius

306 3119 394 3161 tuetur
403 3131 410 3162 ι
422 3117 505 3164 alteia
513 3131 584 3177 που,
593 3119 683 3167 iisdem
694 3117 748 3166 fere
756 3119 816 3166 tocie
826 3119 940 3180 prolatis,
948 3131 1005 3180 quar
1015 3118 1040 3164 ln
1050 3117 1113 3164 Erre.
1120 3114 1219 3164 Douae.
1228 3113 1310 3164 Codd.
1318 3115 1400 3163 nostri

305 3174 360 3224 fere
372 3179 478 3239 babent,
489 3194 560 3240 aree,
571 3182 650 3240 oreta
661 3197 722 3230 aree.
751 3181 825 3229 Uerre
837 3180 932 3242 Ultraj.
952 3180 1028 3241 prim.
1044 3183 1117 3227 urtea.
1153 3179 1245 3226 Ostrea
1264 3177 1350 3226 nereio
1365 3191 1398 3225 ao

304 3253 410 3303 urqumn
429 3250 512 3291 extet.
544 3244 624 3292 Arete
646 3244 718 3307 blog.
734 3243 817 3293 Recte
836 3243 964 3306 explicuit
984 3243 1125 3302 oliverius,
1147 3249 1288 3290 consumto
1309 3249 1337 3290 et
1353 3255 1398 3291 ex·

797 3385 904 3436 Nom

303 3505 344 3538 em
362 3491 460 3539 Seneca
472 3491 589 3542 indicat:
606 3495 706 3546 ‘Alunt
725 3497 750 3546 iu
762 3513 828 3546 snm·
869 3513 902 3548 ex
924 3511 985 3548 rure
1006 3497 1132 3560 Metella,
1147 3496 1254 3548 Scilicet
1271 3504 1299 3548 ut
1310 3499 1397 3551 decies

303 3569 350 3616 nris
370 3565 524 3614 culminibus
544 3569 654 3617 mentite
673 3583 786 3635 nemora,
801 3579 831 3622 et
869 3573 978 3623 solidum
994 3572 1112 3622 sorberet
1126 3579 1214 3634 aceto,
1227 3573 1397 3637 Dilultiuaig-

302 3639 484 3703 navigabilium
493 3642 650 3702 piscinarum
664 3642 749 3694 freta!
870 3663 927 3698 uem
938 3647 1060 3698 baccam!
1085 3647 1333 3710 Conririirriugulir
1344 3648 1398 3697 uui·

335 3717 350 3746 ⁹
361 3717 411 3766 Au.
421 3716 459 3765 M.
470 3720 542 3765 5958.
560 3716 705 3769 01.171.1.
724 3719 788 3770 Urb.
798 3723 828 3772 c.
870 3736 932 3772 oues
943 3722 1084 3772 sorbendos
1093 3722 1197 3772 dedisse
1209 3721 1288 3773 tradit
1297 3723 1396 3772 Plinius

301 3799 359 3844 857.
377 3793 439 3843 Ant.
453 3792 551 3843 01185.
869 3798 917 3848 lib.
928 3812 969 3848 rx.
985 3813 1009 3847 c.
1022 3801 1062 3848 58.

332 3880 345 3913 r
363 3871 440 3920 Ceam
456 3869 658 3932 commendabiles]
680 3869 711 3919 Id
734 3871 829 3936 AEeopo
909 3873 1013 3935 'infin
1020 3871 1294 3936 mlinburcoebrtreae]
1309 3870 1395 3919 Aliter

300 3947 368 4005 patri
392 3945 482 3994 tribuit
505 3945 605 3994 Plinius
628 3946 673 3996 lib.
695 3960 723 3997 x.
741 3962 765 3996 c.
787 3952 827 3999 51.
868 3949 987 4011 Lipsius:
1010 3949 1070 3998 Iade
1087 3947 1174 4008 mirate
1201 3946 1285 3995 alitis
1310 3949 1395 4003 artat

299 4032 409 4080 evesque
425 4020 538 4084 singulas
549 4035 596 4071 rex
614 4022 723 4071 nummis
741 4022 827 4072 coim-
866 4023 1039 4087 becest,lnde
1051 4031 1163 4088 reperta
1175 4021 1395 4072 culinariarrter.

299 4097 339 4139 tas
356 4099 477 4143 terretur.
898 4109 910 4153 t
923 4099 975 4148 Au.
987 4100 1025 4149 Μ.
1041 4105 1115 4151 tore.
1126 4099 1169 4151 01.
1182 4101 1238 4147 185.
1249 4101 1275 4148 2.
1287 4096 1352 4146 Urb.
1362 4097 1395 4148 C.

330 4163 342 4197 1
358 4169 432 4214 Ateio
447 4169 560 4232 liquatos]
576 4172 616 4221 De
633 4173 678 4223 illo
699 4171 825 4223 Horatius
865 4172 1110 4227 vlmanectes&

293 4253 326 4290 rr.
340 4241 393 4289 Sat.
403 4243 429 4288 8.
462 4241 562 4290 ‘Filius
582 4243 670 4308 AEropi
692 4245 824 4309 direptam
