3230 5110
454 459 533 510 ola.
552 459 602 508 ιν.
626 461 673 510 on
697 460 1021 510 sunareununms.
1218 446 1285 510 703

234 607 266 669 4.
289 603 447 687 Idemque
473 603 610 686 Jupiter
638 609 759 687 postea
781 604 1134 686 praestantissimorum
1162 607 1285 672 ducum

191 712 373 770 nostrorum
396 705 571 787 sagacibus
600 706 749 769 consiliis
778 707 943 788 propitius
972 707 1144 790 aspiravit.
1194 707 1285 772 Nam

191 827 268 871 cum
297 808 435 882 alterum
465 805 576 869 Italiae
602 803 715 868 latush
748 806 920 869 Hannibal
950 807 1119 884 laceraret,
1145 807 1284 871 alterum

190 909 371 972 invasisset
391 906 598 984 Hasdrubal,
625 926 665 970 ne
692 907 831 971 duorum
859 908 996 972 fratrum
1018 910 1146 993 junctae
1173 911 1284 992 copiae

190 1007 393 1073 intolerabili
420 1028 518 1072 onere
540 1009 652 1072 fessas
669 1010 769 1072 simul
793 1029 845 1073 res
871 1016 1001 1074 nostras
1025 1017 1184 1093 urgerent,
1207 1011 1284 1075 hino

191 1109 323 1175 Claudii
341 1109 485 1174 Neronis
500 1118 654 1192 vegetum
670 1111 856 1188 consilium,
874 1112 967 1174 illino
982 1111 1072 1175 Livii
1088 1111 1285 1176 Salinatoris

189 1212 314 1294 inclyta
337 1213 550 1294 prouidentia
574 1211 694 1275 effecit.
739 1211 833 1275 Nero
855 1213 941 1274 enim
963 1231 1158 1294 compresso
1183 1232 1204 1276 a
1230 1211 1283 1277 sei

188 1313 223 1376 in
239 1312 387 1378 Lucanis
403 1311 606 1390 Hannibale,
620 1312 832 1394 praesentiam
848 1331 956 1389 suam,
969 1315 1124 1396 quoniam
1135 1315 1185 1378 ita
1198 1315 1285 1378 ratio

189 1415 272 1477 belli
288 1415 509 1491 desiderabat,
533 1415 690 1477 mentitus
703 1411 810 1490 hosti,j
834 1415 876 1478 ad
904 1433 1004 1496 opem
1027 1415 1163 1498 collegae
1178 1416 1284 1479 feren-

190 1514 268 1579 dam
282 1516 495 1598 perlongum
517 1515 578 1578 iter
600 1514 763 1578 celeritate
776 1515 862 1580 mira
876 1513 1021 1581 tetendit.
1066 1516 1233 1581 Salinator
1250 1518 1285 1581 in

190 1614 332 1680 Umbria
347 1617 436 1698 apud
449 1616 641 1680 Metaurum
653 1612 665 1652 ¹¹
683 1616 806 1680 flumen
819 1619 974 1700 proximo
987 1619 1040 1681 die
1051 1605 1283 1694 dimicaturus,

190 1733 321 1781 summa
335 1735 409 1780 cum
424 1715 686 1781 dissimulatione
713 1717 881 1782 Neronem
898 1717 1019 1783 castris
1032 1724 1133 1783 noctu
1148 1721 1284 1800 recepit.

190 1815 400 1880 ‘Tribunos'
422 1818 512 1881 enim
534 1821 575 1882 ‘a
590 1819 740 1897 tribunis,
760 1808 1002 1884 centurionesa
1023 1820 1283 1894 centurionibus,

189 1920 319 2002 equites
349 1921 393 1982 ab
409 1920 593 2004 equitibus,
619 1920 749 2003 pedites
773 1942 794 1986 a
817 1921 985 2004 peditibus
1012 1919 1144 2002 excipi’
1162 1920 1283 2003 jussit:

190 2039 230 2084 ao
245 2022 316 2084 sine
331 2020 404 2084 ulla
419 2023 688 2100 tumultuatione,
704 2024 780 2088 solo
807 2025 867 2088 vix
893 2043 995 2087 unum
1021 2019 1204 2086 exercitum
1228 2039 1285 2083 ca·

188 2120 339 2202 piente,²⁶
360 2124 496 2188 alterum
511 2125 660 2188 inseruit.
704 2123 784 2202 Quo
800 2125 913 2190 evenit
927 2144 967 2187 ne
987 2121 1182 2186 Hasdrubal
1207 2141 1284 2185 cum

191 2220 321 2285 duobus
348 2243 385 2286 se
413 2221 629 2289 consulibus¹
660 2227 886 2308 praeliaturum
910 2227 1004 2307 prius
1039 2224 1150 2298 sciret,
1185 2241 1284 2306 quam

189 2322 360 2407 utriusque
374 2325 497 2388 virtute
519 2331 824 2407 prostemeretur.²⁷
869 2325 924 2389 Ita
947 2324 1005 2388 illa
1029 2328 1100 2387 toto
1128 2328 1284 2387 terrorum

190 2422 270 2486 orbe
285 2423 421 2487 infamis
437 2424 568 2490 Punica
589 2425 758 2490 calliditas
783 2425 939 2491 Romana
964 2427 1060 2490 elusa
1074 2423 1283 2508 prudentia²8

190 2520 415 2688 Hagnibalom
427 2525 461 2590 N
463 2527 588 2604 eroni,¹¹‘
605 2525 855 2593 Hasdrubalem
864 2527 1042 2593 Salinatori
1052 2525 1284 2607 decipiendum

189 2629 242 2686 tra
267 2625 353 2689 ‘dit'

637 2729 666 2748 Ν
669 2729 820 2750 &Um

188 2825 303 2892 presidia
321 2824 407 2886 iaaploe
424 2832 535 2874 emet.
569 2827 617 2874 Cui
637 2839 724 2880 tamen
740 2848 791 2882 non
803 2833 972 2884 amedaeum!
989 2832 1150 2882 Tmen-26
1166 2833 1284 2896 Uterque

191 2891 264 2940 Med.
275 2895 303 2936 et
313 2888 406 2951 Ultraj.
415 2888 491 2950 prim.
502 2889 613 2950 capienti.
628 2899 655 2937 et
663 2895 701 2939 etc
714 2894 820 2942 Arcana.
832 2898 904 2957 quari
921 2897 1047 2957 penderet
1058 2912 1074 2945 a
1085 2897 1165 2945 rerbo
1176 2898 1285 2946 imit.

190 2953 286 3003 Maluit
302 2961 389 3001 tamen
406 2951 553 3014 intelligere
570 2965 627 3000 eom
639 2953 764 3001 immine
775 2957 872 3002 abeam
883 2960 1012 3004 exaratam
1022 2959 1117 3016 matria,
1128 2966 1157 3009 nt
1170 2961 1286 3008 Tribunos

190 3017 263 3078 anim,
272 3017 401 3078 dedunt,
414 3029 461 3077 per
472 3015 645 3078 parenthesim
656 3016 708 3064 rint
718 3016 890 3064 ineerta-tu
908 3019 980 3064 [reid.
991 3024 1015 3064 ⁵.
1027 3034 1049 3078 q.
1061 3022 1146 3081 utrinq.
1154 3027 1285 3080 praetem·

190 3087 277 3139 retem·
294 3080 367 3130 Leid.
377 3083 401 3128 8·
411 3080 449 3129 ab.
459 3081 545 3144 mriaq.
554 3081 655 3143 utrium.
666 3080 771 3130 uirtute:
789 3079 897 3144 Pigbioa
911 3078 1020 3128 dederat
1031 3093 1063 3126 ex
1073 3081 1131 3128 Soa.
1146 3083 1246 3129 Winrlr.
1257 3091 1285 3130 et

191 3147 279 3196 colon.
287 3144 316 3192 ub
326 3143 430 3206 atriaque
439 3149 646 3206 praeterendum
658 3145 703 3194 aed
715 3145 759 3194 alii
770 3145 848 3194 codd.
856 3157 913 3194 cam
923 3142 982 3192 edd.
990 3149 1056 3191 vett.
1067 3150 1179 3192 nostram
1190 3149 1286 3193 teutan-

191 3215 235 3258 tnr
252 3208 464 3256 lectionem-28
481 3207 523 3257 lta
535 3208 634 3258 Braud.
647 3213 670 3258 l.
686 3213 711 3258 ὓ.
732 3218 760 3258 et
776 3223 863 3258 omuea
874 3207 950 3257 codd.
965 3207 1073 3257 Torreat.
1106 3207 1212 3272 Pighius
1223 3223 1284 3257 vero

192 3273 288 3336 aliique
299 3285 357 3320 enm
368 3272 451 3322 aecoti
462 3285 495 3321 ex
506 3273 563 3322 Sua.
572 3280 600 3322 at
612 3272 697 3322 Polm.
709 3273 815 3337 legunt:
833 3271 1078 3332 mttiditnafmtrrtu
1089 3271 1162 3333 seit,
1178 3273 1284 3323 Romano

682 3397 793 3448 NOTAE

223 3495 363 3546 'ditmar
384 3496 464 3546 [tutio
485 3494 558 3558 tntae]
585 3493 717 3558 Apuliam,
759 3493 806 3543 tris
817 3492 953 3556 stationes,
962 3491 1062 3542 eadem
1072 3492 1167 3556 vigilia
1178 3507 1285 3558 ageren-

192 3573 340 3635 Looauiam,
350 3573 481 3622 Samnium
491 3571 609 3620 restabat
620 3569 717 3619 Hanni·
759 3575 810 3619 tor.

191 3646 718 3712 bal3GalliamCiapadanametUmbriam
790 3642 802 3677 ¹
818 3643 966 3706 Marma]
982 3642 1096 3692 Umbria
1107 3641 1222 3704 durium,
1241 3643 1285 3707 qni

192 3722 348 3772 Hasdrubal.
758 3720 784 3769 in
796 3720 877 3770 einum
889 3719 1050 3770 Adriaticum
1062 3717 1175 3783 profluit.
1208 3719 1285 3767 Nunc

225 3794 231 3829 ¹
250 3798 409 3862 Conprearoo
422 3797 460 3861 aa]
483 3796 599 3847 Primum
618 3796 718 3848 levibus
759 3795 862 3844 mam.

192 3871 364 3924 Hannibalem
376 3873 472 3936 praliia
487 3869 608 3933 fuderam
624 3871 719 3921 deinde
790 3868 797 3902 ¹
815 3871 974 3920 Candauiae
987 3885 1013 3920 aa
1028 3866 1172 3930 cantata]
1198 3867 1284 3918 Nora-

188 3947 261 4010 joato
272 3948 363 4012 praelio
374 3949 444 4011 vicit,
454 3949 545 3998 occiaia
555 3949 666 3998 boetium
677 3963 719 3998 oc·
759 3959 816 3995 rum
828 3951 914 3994 tamen
931 3947 1061 4008 copiarum
1078 3943 1174 3993 indicia
1186 3944 1286 3993 notarit

194 4031 222 4071 to
232 4024 353 4087 millibus,
365 4024 449 4088 captia
457 4017 515 4073 ibt.
758 4018 921 4070 Hasdrubale
940 4031 1028 4083 quare,
1038 4020 1153 4068 incertua
1163 4016 1225 4082 qnid
1232 4015 1284 4067 iao·

226 4096 368 4150 turmam
377 4099 450 4164 tarta]
465 4099 518 4148 Sex
537 4099 653 4163 peditum
664 4099 720 4148 mil·
758 4103 812 4146 tom
821 4103 889 4145 aaaet
897 4092 1055 4156 Hannibale,
1064 4108 1174 4158 pugnam
1184 4094 1284 4144 detrec-

193 4172 238 4233 lia,
258 4176 409 4239 equitesque
432 4175 502 4225 mille
522 4189 609 4225 aecum
628 4175 717 4224 duxlt:
759 4173 841 4224 tabat.
874 4171 915 4221 De
935 4169 1104 4222 Hardrnbatn
1123 4169 1197 4222 clade
1218 4168 1284 4218 dixi-

190 4247 320 4313 J'nraitqne
336 4249 438 4313 legatia,
454 4257 484 4299 ut
501 4249 600 4299 eadem
617 4249 644 4300 in
663 4264 718 4300 cae·
759 4262 814 4305 mua
826 4247 898 4299 aliae.
