3230 5092
2 1820 8 2095 l

466 465 549 516 cnr.
566 465 621 514 rx.
645 467 693 515 nn
717 465 753 511 vr
783 463 1042 524 nnoouusrrn.
1236 443 1301 510 ret

207 615 245 680 G.
258 615 390 680 Cottae⁷
405 607 657 696 patrocinio’ssg
702 606 875 689 Siquidem
891 605 1042 669 maxima
1052 612 1134 668 tuno
1146 606 1301 688 eloquen-

207 718 257 781 tia
269 723 388 799 questa
402 710 499 778 est.⁸¹¹
535 711 641 794 Cujus
656 712 748 775 saeta
764 710 946 784 mentione,
963 707 1120 789 qnoniam
1142 706 1302 771 domesti-

207 838 284 883 cunr
309 817 433 880 nullum
459 815 571 898 majus
595 813 777 896 adjecerim
799 811 1003 896 exemplum,
1026 808 1300 893 peregrinandum

208 925 281 984 est‘

661 1031 854 1079 axrunns.

249 1149 280 1212 1.
303 1149 499 1214 Pisistratus
523 1149 667 1229 dicendo
690 1153 818 1211 tantum
835 1145 983 1209 valuisse
1003 1147 1145 1210 traditus
1167 1153 1243 1224 ests
1266 1153 1302 1210 ut

207 1251 240 1314 ei
256 1249 477 1316 Athenienses
492 1253 614 1334 regium
636 1251 812 1331 imperinm
835 1247 982 1310 oratione
1004 1244 1112 1330 capti¹
1133 1249 1303 1330 permitte·

205 1360 294 1432 rent3
318 1372 393 1416 oum
407 1353 594 1436 praesertim
617 1371 660 1414 ex
676 1349 839 1413 contraria
861 1353 956 1431 parte
976 1351 1224 1415 amantissimus
1239 1372 1302 1433 pa-

207 1455 281 1517 triae
297 1452 400 1517 Solon
416 1453 582 1516 niteretur.
626 1451 693 1514 Sed
720 1449 860 1513 alterius
881 1449 1082 1514 salubriores
1108 1459 1201 1516 erant
1222 1472 1303 1516 con-

207 1555 334 1630 ciones,
349 1554 486 1617 alterius
501 1553 706 1616 disertiores:
730 1570 797 1634 quo
814 1551 934 1628 evenit,
950 1557 988 1615 ut
1012 1552 1137 1634 alioqui
1162 1551 1303 1634 pruden-

208 1655 338 1717 tissima
353 1654 473 1718 civitas
486 1654 631 1718 libertati
643 1653 839 1718 servitutem
855 1645 1053 1734 praeierret.'

239 1795 383 1858 ‘Siquidem
400 1801 457 1844 tuse
469 1796 559 1856 cem,
575 1795 640 1856 arius
656 1797 786 1862 eloquentia
801 1795 905 1844 maim
924 1799 986 1855 erut,
1003 1800 1097 1856 questas
1113 1799 1165 1843 est:
1180 1809 1233 1844 eass
1247 1809 1302 1846 esre

205 1857 272 1907 illias
281 1862 420 1908 secutionem
432 1859 542 1920 fecerim,
559 1861 690 1920 nedumque
706 1862 835 1922 exemplum
854 1859 1003 1908 domesticum
1019 1858 1095 1918 mulus
1103 1857 1190 1921 poesim
1200 1860 1304 1916 uddeur

199 1923 255 1982 ,iuss
264 1925 293 1972 ds
302 1929 452 1973 extorseram
461 1924 593 1987 eloquentis
602 1925 723 1974 diseedm
733 1930 778 1973 est.

666 2049 843 2072 W

204 2128 265 2191 pais,
283 2143 393 2195 eamque
411 2131 511 2180 emend.
530 2133 664 2194 amplexos
675 2139 715 2182 est
725 2133 880 2180 ¹Porsen-t
898 2129 941 2180 lts
952 2145 1056 2195 quoqne
1069 2131 1216 2181 emandavit
1229 2131 1302 2180 Perl-

208 2193 345 2243 son.codd.
356 2205 384 2242 et
396 2195 454 2244 edd.
472 2201 535 2245 vett.
549 2196 577 2244 L.
591 2198 727 2246 Cotta-8
743 2197 786 2245 Sic
801 2195 910 2244 maxime
923 2209 983 2258 pars
994 2195 1070 2245 codd.
1082 2203 1110 2245 et
1121 2195 1181 2246 edd.
1193 2205 1259 2246 vett.
1273 2199 1300 2246 iu

208 2257 300 2317 quibos
311 2257 390 2306 etiam
401 2259 462 2308 Vet.
480 2269 506 2307 et
524 2259 751 2322 hipe'ttnnnerh
768 2261 840 2307 ‘tuae
858 2261 894 2307 uis
908 2259 1045 2322 eloquentia
1061 2264 1142 2322 quma
1159 2263 1194 2308 est
1211 2261 1302 2309 maluit

208 2319 314 2382 Pighius
326 2337 358 2370 ex
371 2321 462 2371 Atreis.
475 2329 502 2372 et
513 2324 610 2374 Ceueb.
637 2323 679 2373 Ab
692 2322 760 2372 ardo
771 2329 799 2372 et
817 2323 938 2372 chalone.
956 2323 1054 2374 editum
1071 2321 1171 2373 tuest:
1189 2329 1244 2373 tuse
1255 2326 1302 2373 sle·

206 2385 402 2446 qumieetuas
417 2391 498 2449 questu
517 2393 562 2437 est.
596 2389 663 2439 Quae
680 2385 759 2436 lectio
778 2388 798 2436 si
816 2387 997 2449 amplectendo
1009 2387 1052 2448 sit,
1064 2402 1112 2450 pro
1122 2392 1204 2450 questo
1215 2390 1305 2452 legeu-

207 2446 268 2496 dsru
280 2448 358 2498 fuerit
368 2451 474 2512 quartu.
509 2451 539 2499 ln
551 2466 626 2516 qnam
642 2451 796 2500 sententiam
809 2449 947 2500 manifeste
959 2450 1071 2513 Herbip.
1083 2451 1177 2501 babet:
1197 2453 1263 2501 'lirae
1278 2453 1301 2501 ei

205 2513 311 2562 arena
330 2515 468 2578 eoqmsiae
488 2514 539 2566 loss
556 2517 655 2578 'weita
678 2514 730 2564 est!
755 2516 844 2565 Vorst.
879 2515 972 2577 copes.
992 2521 1048 2564 tuae
1066 2529 1130 2564 mes.
1151 2517 1182 2567 el.
1205 2517 1228 2564 ei
1249 2518 1302 2564 laus

206 2576 305 2638 quesite
328 2584 381 2636 est‚·
405 2579 473 2627 unde
496 2579 615 2630 Perizon.
640 2585 689 2628 tum
708 2595 773 2628 max.
797 2581 826 2630 el.
847 2581 898 2628 leus
919 2579 1019 2641 quesite
1041 2583 1084 2628 est.
1108 2594 1200 2628 novem
1226 2578 1303 2628 codd.

206 2638 312 2689 Torren.
336 2657 401 2691 nex.
424 2647 480 2691 tene
500 2645 530 2692 el.
551 2649 705 2706 gessisset:
729 2653 782 2693 tres
808 2643 939 2706 ejusdem:
964 2657 996 2691 rs.
1019 2648 1075 2692 tene
1096 2643 1232 2706 slspsestioe
1250 2643 1302 2692 lass

207 2704 306 2764 quesita
325 2709 378 2756 est:
394 2705 458 2752 dero:
477 2720 509 2752 m.
528 2712 582 2754 tuse
597 2710 626 2755 el.
644 2708 666 2754 ei
684 2710 735 2756 taus
749 2707 851 2770 quantu
865 2713 919 2756 eet:
937 2721 1013 2770 porro
1034 2708 1057 2757 ei
1079 2707 1104 2755 in
1124 2722 1176 2757 nno
1195 2715 1235 2756 ast
1254 2721 1302 2771 pro

208 2777 234 2811 r.
258 2767 275 2811 l.
295 2766 402 2813 Torren.
420 2767 487 2826 conj.
506 2765 548 2814 Sic
569 2770 659 2828 quidem
679 2785 710 2818 m.
727 2777 746 2820 t.
769 2774 798 2820 ei.
825 2775 906 2834 queas
926 2777 972 2830 est,
992 2771 1009 2820 i.
1026 2785 1049 2821 e.
1070 2783 1102 2819 eo
1124 2771 1227 2834 quidem
1249 2787 1304 2820 rno-

209 2826 252 2877 do.
285 2827 369 2876 ‘Mire
386 2827 427 2874 hie
444 2827 605 2888 glossematis
621 2839 711 2878 suetus
727 2841 766 2881 est
783 2835 876 2895 Ultrsj.
895 2849 949 2882 ser..
966 2849 1031 2883 unus
1053 2835 1130 2884 etiem
1151 2836 1253 2884 Donec.
1275 2841 1304 2884 et

211 2891 282 2954 Mog.
300 2890 466 2939 exhibentes:
483 2889 597 2952 Quidem
614 2897 670 2938 turre
685 2893 708 2939 ss'
723 2897 827 2942 mesina
839 2898 975 2957 eloquentie
986 2900 1037 2946 isus
1046 2899 1146 2960 gemitu
1156 2906 1202 2959 est,
1213 2901 1304 2962 emes

208 2955 290 3004 Julius
299 2955 349 3015 eius
359 2954 447 3003 institit
461 2956 539 3002 stsdis
549 2959 573 3003 et
582 2954 688 3009 unioni:
704 2955 772 3018 qnod
784 2959 920 3020 aliquando
929 2960 990 3008 mihi
1000 2963 1172 3022 srrspieionern
1184 2962 1306 3024 prebuit,

209 3034 240 3066 se
249 3022 270 3068 si
282 3028 310 3068 et
322 3019 392 3081 prins
405 3018 547 3067 menbrum
558 3034 574 3067 a
588 3019 729 3079 glossatore
741 3027 824 3068 esset:
842 3033 910 3067 nono
927 3023 1013 3069 malim
1025 3024 1111 3082 legere
1123 3031 1151 3071 ut
1162 3025 1283 3085 proposui
1295 3039 1304 3083 ς

209 3083 261 3143 rel,
275 3084 390 3146 siquidm
401 3090 456 3130 tuse
466 3084 570 3132 mesine
580 3085 711 3146 eloquentia
726 3082 774 3142 eius
784 3090 865 3147 gnesin
875 3087 919 3142 est,
928 3083 1003 3142 cujas,
1020 3083 1070 3144 de!
1085 3085 1243 3134 'ferrens—9
1258 3086 1302 3135 ste

209 3147 315 3196 Torren.
326 3163 359 3196 ex
370 3145 483 3196 assidet
493 3145 553 3196 edd.
566 3155 630 3197 vett.
641 3149 771 3198 onroibns:
790 3147 897 3211 Pighius
908 3146 1002 3212 allique
1011 3147 1192 3197 traditan-ld
1208 3149 1301 3213 Cepes.

702 3259 809 3312 NOTAE

210 3355 251 3416 lis,
269 3357 311 3419 qni
329 3371 343 3405 e
362 3356 517 3406 Macedonis
532 3357 677 3407 Proconsnl
694 3374 739 3408 no·
807 3357 815 3391 ¹
832 3359 946 3408 Oratione
957 3358 1032 3423 eapti]
1049 3359 1113 3409 Cuur
1126 3366 1178 3409 tres
1196 3361 1222 3408 in
1239 3360 1303 3410 urbe

210 3446 257 3495 per
271 3431 395 3482 redieret.
775 3434 902 3484 factiones
925 3443 1022 3496 essent,
1043 3449 1150 3500 quarum
1173 3438 1223 3494 uni
1247 3436 1302 3500 ipse

243 3515 256 3550 ¹
269 3508 297 3558 G.
307 3509 384 3556 Cotta
394 3508 537 3571 petredulo]
548 3509 610 3558 Fuit
621 3508 663 3557 ille
674 3508 739 3559 Ora·
775 3520 899 3576 praeerat,
923 3511 972 3561 sibi
995 3511 1051 3574 lpse
1072 3511 1161 3575 plagas
1184 3511 1303 3576 imponit,

211 3590 252 3632 tor
262 3584 396 3633 Hortensii
404 3585 522 3644 emulsa
534 3587 623 3647 deque
631 3585 736 3634 Cicero:
773 3589 900 3654 malisque
918 3589 1048 3638 curulibus
1065 3597 1203 3652 provectus
1219 3588 1244 3637 in
1264 3587 1303 3638 io·

210 3657 344 3710 ‘Quorum
363 3659 430 3708 slter
441 3661 559 3709 remissus
577 3667 603 3709 et
621 3661 696 3722 lenis,
710 3672 738 3712 et
772 3679 838 3723 runi,
856 3664 939 3728 plebis
959 3678 1034 3728 opem
1054 3664 1192 3729 implorum
1208 3665 1242 3713 ab
1258 3665 1302 3714 ed-

211 3736 322 3798 prepriis
335 3735 420 3785 uerbis
432 3737 650 3800 eomprehendens
662 3737 738 3788 fseile
773 3740 894 3788 versariis
912 3741 949 3789 ite
964 3755 992 3789 se
1003 3739 1172 3789 deformatum
1186 3740 1304 3803 queritur

211 3817 238 3861 et
249 3812 332 3860 solute
343 3812 516 3862 sententiam!
777 3814 936 3876 Reipublicae
947 3827 1031 3876 esau,
1047 3814 1119 3876 cajus
1138 3813 1164 3861 in
1182 3827 1236 3861 rem
1249 3813 1305 3861 Me·

243 3884 407 3950 *aequente
416 3887 738 3951 questeest]Fssoreenim
775 3903 885 3951 garesse
906 3890 1000 3937 bellum
1025 3901 1109 3952 nuper
1137 3887 1303 3937 coniecerat:

210 3965 290 4013 totins
312 3965 426 4014 civitatis
448 3965 585 4014 Dolabella
607 3966 739 4015 absolutus
775 3977 823 4012 nee
841 3964 925 4027 ipsunt
944 3977 992 4012 sua
1003 3962 1096 4012 fefellit
1107 3961 1211 4026 opinio;
1226 3964 1304 4012 satel-

210 4048 265 4089 est:
283 4054 333 4105 qno
350 4053 412 4090 reru
427 4041 548 4090 invidiam
560 4039 673 4106 ingeret,
684 4043 739 4092 Ca·
774 4039 834 4088 lites
845 4039 912 4088 enirn
923 4039 1036 4087 eminuit
1048 4053 1064 4088 s
1074 4039 1179 4102 popolo,
1188 4047 1216 4088 et
1225 4041 1303 4102 pasto

210 4127 254 4162 ssr
265 4115 381 4164 ilbodum
393 4118 515 4165 secedere
525 4118 624 4167 statutt.
773 4127 833 4183 post
842 4133 928 4168 sreere
941 4117 1077 4182 occuparit
1087 4125 1114 4167 et
1131 4117 1302 4181 tyrannidem.

242 4188 317 4246 tdrr.
328 4191 366 4238 ld.
377 4194 450 4239 aaut.
471 4191 579 4243 otus.
590 4197 614 4243 t.
633 4193 695 4242 Urb.
707 4192 738 4242 C.
773 4195 889 4243 Primum
903 4194 1008 4243 Homeri
1024 4192 1113 4253 libros,
1128 4191 1247 4242 confusos
1258 4207 1302 4240 sn·

209 4267 268 4314 oto.
286 4263 350 4312 Ant.
361 4265 408 4315 cb.
420 4270 460 4314 to.
775 4277 827 4332 tes,
837 4272 873 4319 sie
884 4269 1041 4335 disposuisse
1052 4278 1082 4320 ut
1090 4283 1161 4320 eune
1171 4270 1303 4330 hebernus,
