3234 5110
324 433 388 500 564
618 437 774 488 vannius
799 433 943 483 usxrur
971 431 1043 478 usu.
1068 429 1102 474 v.

323 611 381 661 nm
402 590 546 678 bostium
568 602 694 668 agmen,
715 579 833 665 petrice
858 569 1012 650 salutem,
1035 570 1100 634 sibi
1124 573 1266 632 mortem
1292 565 1417 649 petens,

325 693 464 778 irrupit:
486 690 644 770 iactaque
660 683 785 766 ingenti
799 689 920 759 strage,
936 675 1087 762 plurimis
1103 670 1179 734 telis
1194 670 1346 745 obrutus,
1363 687 1419 731 su·

325 817 385 881 per
399 793 534 860 corruit.
579 790 632 852 Ex
647 786 744 870 cnjus
757 780 946 848 vulneribus
957 783 991 839 ct
1003 774 1159 855 sanguine
1170 769 1418 854 insperatavice

326 899 409 962 toria
423 892 582 958 emersit*

369 999 401 1064 (i.
425 995 571 1070 Unicum
586 991 664 1056 talis
679 983 923 1070 imperatorius
945 977 1116 1062 specimen
1128 979 1227 1051 esset,
1239 974 1327 1036 nisi·
1349 973 1420 1035 eni·

328 1119 383 1165 sno
413 1117 475 1162 suo
504 1091 760 1176 respondentem
789 1087 894 1150 filium
925 1069 1103 1164 genuisset.
1123 1105 1127 1112 ·
1147 1075 1185 1138 Is
1213 1093 1358 1156 namque
1387 1074 1420 1134 in

330 1205 448 1285 quarto
470 1195 644 1262 consulatu
668 1191 774 1274 patris
795 1184 983 1266 exemplum
1007 1184 1154 1253 secutus,
1178 1175 1357 1239 devotione
1376 1173 1421 1238 si·

329 1298 422 1378 mili,i
445 1296 541 1380 aeque
564 1302 699 1358 strenua
722 1305 842 1373 pugna,
865 1287 1091 1348 consentaneo
1117 1276 1209 1340 exitu
1232 1275 1385 1338 labantes
1395 1272 1422 1312 ²⁶

329 1402 544 1488 perditasque
560 1397 647 1458 vires
663 1391 765 1456 Urbis
780 1395 902 1451 nostrae
923 1378 1092 1456 correxit*
1136 1377 1258 1459 ltaque
1271 1375 1422 1457 dignosci

332 1503 471 1568 arduum
488 1503 552 1573 est,
567 1502 675 1560 utrum
691 1493 848 1557 Romana
862 1488 982 1553 civitas
1004 1483 1117 1546 utilius
1133 1479 1285 1544 babuerit
1299 1477 1423 1542 Decios

332 1605 482 1679 duces‚²⁷
505 1619 546 1664 an
569 1596 735 1661 amiserit:
766 1591 925 1676 quonium
946 1586 1018 1650 rita
1041 1600 1156 1646 eorum
1177 1600 1220 1644 ne
1241 1580 1424 1644 vinceretur

333 1705 485 1782 obstitit3
506 1719 595 1765 mors
607 1697 702 1774 fecit,
717 1702 752 1760 ut
767 1695 925 1757 vinceret.

373 1808 406 1871 7.
430 1801 511 1868 Non
526 1807 579 1864 est
593 1799 761 1862 extinctus
774 1811 834 1876 pro
850 1788 1024 1872 republica
1038 1784 1189 1866 superior
1204 1781 1320 1865 Scipio
1335 1780 1426 1845 Afri·

334 1925 455 1972 canus:
486 1903 548 1966 sed
573 1898 761 1964 admirabili
784 1895 912 1968 virtute,
926 1909 981 1953 .ne
1004 1885 1199 1969 respublica
1221 1883 1427 1963 extinguere-

333 2017 397 2086 tur,
412 2003 568 2091 providil.
612 1998 785 2083 Siquidem
807 2014 883 2060 cum
905 1991 1029 2057 afflicta
1051 1985 1219 2050 Cannensi
1237 1983 1334 2047 clade
1348 1985 1427 2046 urbs
1499 1995 1504 2002 ·

334 2114 448 2176 nostra
461 2105 543 2170 nihil
558 2102 649 2166 aliud
672 2118 772 2182 quam
790 2095 913 2180 praeda
926 2089 1063 2156 victoris
1085 2084 1199 2150 esse²⁸
1224 2084 1428 2149 Hannibalis

335 2211 517 2276 videretur:
540 2203 689 2284 ideoque
701 2193 866 2280 reliquiaej
879 2191 1035 2282 prostrati
1047 2188 1228 2267 exercitus,
1238 2185 1428 2251 deserendas

337 2447 381 2569 θ’·
399 2441 540 2506 exemplem
554 2439 642 2489 moris
655 2437 681 2488 is
695 2435 798 2501 petrin
813 2434 908 2483 uum
923 2435 982 2481 esset
998 2427 1028 2478 ab
1043 2427 1085 2477 ills
1101 2426 1245 2490 [mmm
1260 2421 1358 2482 eddam,
1373 2417 1429 2472 nisi·

356 2520 378 2556 c.

793 2605 974 2627 ‘W‘

338 2728 384 2780 sed
395 2726 468 2777 Heri.
482 2734 510 2776 et
521 2724 594 2774 netu.
617 2728 641 2772 l.
662 2721 882 2783 delectione-25
898 2719 951 2769 Sex
968 2717 1044 2769 codd.
1058 2718 1166 2766 Torreu.
1183 2714 1240 2764 tulis
1255 2713 1350 2778 inperii
1359 2731 1366 2761 :
1383 2723 1430 2775 pro

337 2793 460 2855 specim,
472 2789 539 2854 quod
551 2803 637 2838 omnes
660 2788 701 2836 alii
723 2786 800 2835 codd.
809 2791 947 2845 testentur,
963 2781 1084 2832 Ssmbuci
1096 2779 1172 2830 codd.
1184 2779 1290 2828 exbibet
1300 2783 1433 2833 necionem

338 2855 407 2904 rende
420 2855 522 2916 Lipsius
534 2853 602 2916 conj.
615 2855 821 2914 spectamen-ld
837 2848 992 2901 Quindecim
1009 2845 1086 2895 codd,
1105 2846 1213 2894 Torren.
1234 2859 1291 2893 crim
1312 2843 1386 2891 Vett.
1405 2849 1433 2889 et

320 2949 325 2956 ·
339 2919 428 2982 Mogg.
437 2918 610 2968 blatea—‘ll
630 2918 671 2967 ltu
680 2915 755 2976 Pigh.
768 2929 800 2963 ex
811 2913 888 2963 codd.
905 2915 993 2976 itaque
1004 2911 1085 2974 major
1096 2922 1154 2972 pers
1167 2907 1242 2958 codd.
1252 2909 1359 2956 Torrsn.
1373 2919 1432 2953 curn

339 2984 412 3032 Vett.
422 2983 510 3044 Mon.
522 2981 629 3030 Veuctb
641 2988 668 3028 et
677 2979 785 3029 Mediol.
796 2980 865 3027 duces
876 2977 1000 3027 omittunt
1010 2973 1090 3024 Aldd.
1102 2974 1184 3023 (lolin.
1195 2972 1296 3036 Gryph.
1308 2977 1336 3020 el
1345 2969 1434 3044 Stepb.

339 3061 397 3095 eum
409 3045 536 3096 nonnullis
545 3043 621 3094 codd.
637 3045 681 3093 elii
698 3043 773 3092 codd.
783 3045 907 3092 omittunt
917 3041 1019 3092 Decios:
1036 3038 1152 3088 nonnulli
1163 3039 1271 3087 Torren.
1282 3036 1331 3084 boc
1343 3034 1433 3082 ordine

339 3111 477 3160 exhibent:
496 3110 529 3160 R.
545 3110 631 3158 cicitur
641 3109 729 3158 Deduc
739 3123 762 3158 u.
773 3107 798 3156 b.
809 3109 955 3156 decen-28
972 3105 1070 3154 Voeeus
1080 3115 1129 3154 esse
1141 3101 1230 3152 delent
1241 3099 1345 3166 pauculi
1356 3095 1432 3148 codd.

834 3243 941 3298 NO'I'AE

374 3381 390 3411 *
407 3381 457 3431 Au.
474 3381 511 3430 bi.
530 3383 603 3430 8714.
621 3377 737 3429 Ollio·
758 3382 783 3427 1.
805 3369 870 3427 un:
910 3375 955 3424 ubi
985 3375 1098 3424 bostium
1131 3373 1192 3423 telis
1219 3369 1352 3424 confectus
1386 3375 1435 3420 est.

342 3457 373 3506 c.
385 3460 441 3505 tls.
453 3455 515 3504 Ant.
525 3455 571 3505 ch.
583 3458 640 3504 ⁸⁸9.
908 3450 1014 3500 Deinde
1025 3450 1130 3510 Fabius,
1147 3447 1192 3513 qul
1208 3445 1356 3498 cunctando
1367 3444 1434 3494 dien

371 3530 518 3581 ¹Deooliosse
527 3529 611 3591 simili]
620 3531 654 3582 Q.
665 3528 759 3578 Fabius
769 3528 868 3578 Rollin·
908 3524 1164 3586 extimescendas
1181 3523 1278 3573 instare
1294 3522 1384 3584 caepit,
1396 3533 1436 3568 re·

344 3619 392 3654 nus
402 3613 429 3654 et
439 3605 535 3655 Decius
547 3605 671 3654 Consules
681 3612 771 3652 contre
780 3604 868 3654 Galles
908 3601 1021 3664 tulitque
1048 3599 1197 3649 victorium:
1230 3611 1299 3647 caess
1324 3596 1435 3644 bostium

344 3687 372 3732 et
390 3681 518 3731 Samnites
529 3680 562 3730 sd
576 3679 693 3729 Clusium
705 3680 821 3742 praelium
832 3679 869 3728 in·
909 3675 1001 3740 viginti
1013 3675 1127 3738 quinque
1138 3673 1226 3733 millis,
1237 3679 1298 3722 octo
1309 3678 1396 3735 esple-

344 3754 869 3822 ierm13jsmqseGullicumeqnitsturo
941 3751 1021 3804 rna.
1031 3751 1069 3800 M.
1082 3753 1155 3800 ³759.
1191 3749 1339 3800 oblim.
1371 3745 1436 3796 Urb.

345 3833 442 3883 Decius
454 3832 493 3883 bis
503 3837 642 3892 everteret,
652 3844 710 3878 curn
722 3843 737 3877 s
752 3828 870 3878 curribus
910 3831 942 3880 C.
953 3832 1011 3880 4⁵8.
1037 3828 1229 3878 Aurenses.

343 3911 416 3960 Gelli
441 3917 587 3974 pugnantes
613 3907 742 3956 Romnum
770 3909 872 3954 terrent
942 3901 1094 3966 llleliqus'oe]
1111 3901 1346 3952 Decemlronrinnm
1358 3899 1437 3950 suillis

346 3985 464 4047 equites:
490 3993 544 4034 tum
563 3983 662 4033 Decios
680 3996 717 4042 se,
735 3980 872 4044 bestesqns
912 3979 1051 4029 Caninium
1068 3975 1201 4041 fugerunt,
1216 3991 1232 4026 s
1249 3978 1340 4041 quibos
1356 3976 1438 4036 impe·

336 4059 408 4108 ‘Diis
432 4061 565 4122 Manibus,
586 4065 719 4122 preeunte
744 4059 783 4108 M.
799 4057 872 4106 Livio
913 4057 978 4108 sium
995 4055 1046 4120 Ap.
1071 4055 1186 4106 Pulchro
1203 4055 1318 4106 AEdilitio
1336 4059 1364 4102 et
1381 4051 1439 4102 Sci·

348 4133 488 4195 Pontibus,
508 4135 633 4194 decessu
657 4135 745 4199 sicque
765 4134 790 4182 in
812 4147 872 4182 con·
913 4131 1353 4196 pionisdmodunansenidelutum
1365 4137 1415 4180 est.

348 4208 443 4258 ferrem
462 4209 594 4258 Gallorum
611 4225 639 4258 se
658 4209 765 4272 conjicit
783 4207 875 4270 eciem,
