3234 5110
342 405 407 472 592
627 409 784 472 veretur
809 421 954 472 urxrur
982 421 1052 474 cre.
1078 421 1131 478 vr.

341 565 410 626 lam
433 562 476 628 ad
509 565 667 632 consules
697 567 823 632 detulit.
882 567 914 631 Α
940 571 1063 652 quibus
1088 572 1153 637 buc
1177 571 1220 636 de
1254 593 1290 639 re
1317 567 1437 640 certior

341 668 450 732 tremo
463 673 610 746 senatus,
631 669 798 733 ‘Plotium
814 671 846 732 in
860 687 1027 734 carcerem
1039 673 1134 737 ducl'
1150 668 1267 756 jussit.
1301 675 1342 740 In
1354 693 1436 759 qun·

341 771 512 853 licumque
525 771 614 834 enim
624 766 727 835 ‘stetu'
747 771 893 853 positam
904 770 931 808 ²⁸
965 771 1121 838 Romano
1137 777 1289 857 sanguini
1302 778 1436 860 pudici·

341 872 421 935 tium
436 875 539 935 tntum
555 891 632 937 esse
644 871 761 937 voluit.

386 973 439 1036 10.
461 973 505 1038 Et
533 974 615 1057 quid
639 973 768 1051 mirum,
797 974 827 1037 si
853 973 917 1038 boc
942 975 1091 1038 universi
1108 976 1226 1041 Patres
1255 978 1436 1060 conscripti

343 1075 563 1139 censueruntt
586 1072 626 1137 (l.
641 1074 850 1138 Pescennius
860 1081 888 1125 ²⁹
908 1076 1059 1140 triumvir
1068 1077 1233 1160 capitalis,
1245 1077 1436 1144 Cornelium

340 1175 524 1240 fortissime
538 1175 669 1239 militine
685 1174 855 1256 stipendia
877 1177 1062 1252 emeritum,
1086 1177 1288 1262 virtutisque
1303 1185 1436 1244 nomine

341 1285 459 1361 quater
473 1276 598 1341 honore
614 1276 772 1359 primipili
796 1277 839 1340 ab
866 1277 1126 1360 imperatoribus
1150 1279 1324 1358 donatum,
1346 1281 1436 1363 quod

343 1399 420 1444 cnm
444 1379 585 1460 ingenuo
601 1376 851 1441 adolescentulo
876 1379 984 1460 stupri
1001 1380 1237 1442 commercium
1251 1380 1435 1458 habuisset,

340 1479 484 1564 publicis
499 1477 642 1542 vinculis
667 1479 828 1542 oneravit.
862 1476 895 1540 A
918 1496 987 1562 quo
1008 1479 1171 1562 eppelleb'
1198 1481 1336 1559 tribuni,
1357 1501 1436 1546 cnm

337 1565 384 1644 'de
400 1587 517 1662 stupro
531 1577 610 1642 nihil
623 1586 769 1660 negaret,
778 1579 836 1643 red
850 1579 1085 1662 ‘sponsionem
1097 1599 1135 1646 ne
1146 1581 1255 1647 fecere
1268 1582 1436 1665 puratum’

342 1681 479 1757 diceret,
503 1679 617 1762 ‘quod
633 1680 831 1745 adolescens
845 1679 903 1744 ille
925 1682 1037 1764 pulum
1051 1689 1153 1766 etque
1167 1691 1436 1767 apertenorpore

343 1789 509 1865 quaestum
539 1777 754 1858 'lectitassetl
790 1781 1062 1847 intercessionem
1098 1803 1194 1849 suom
1231 1785 1437 1868 interponere

341 1885 530 1948 noluerunt.
575 1883 697 1965 Itnqne
714 1881 887 1948 Gomelrue
911 1884 1092 1950 incarcere
1111 1885 1196 1950 rnori
1219 1891 1436 1952 coectno'est.

344 1985 425 2049 Non
440 1988 594 2068 putarunt
613 1984 735 2048 tribuni
745 1992 772 2030 ³0
794 1984 904 2067 plebis
926 1987 1167 2069 rempublicam
1190 1994 1340 2052 nostram
1362 2004 1437 2050 cnm

343 2087 484 2152 sortibus
499 2087 579 2151 viris
594 2086 723 2169 pacisci
735 2092 905 2169 oportere,
922 2093 960 2150 ut
975 2089 1121 2153 externis
1135 2089 1293 2173 periculis
1309 2087 1437 2152 domes-

342 2190 429 2255 ticas
444 2189 584 2253 delicias
599 2195 770 2275 emerent!
1346 2193 1348 2200 ’

391 2291 442 2353 ll.
476 2289 664 2354 Libidinosi
701 2287 901 2354 centurionis
940 2290 1156 2372 supplicium,
1195 2289 1244 2353 M.
1268 2291 1436 2355 Lretorii³¹

346 2390 453 2473 Mergi
469 2391 592 2454 tribuni
608 2387 772 2468 militarie,
788 2407 884 2472 ecque
898 2389 1017 2453 similis
1032 2389 1144 2454 foedus
1155 2393 1266 2455 exitus
1282 2392 1438 2474 sequitur.

343 2493 410 2559 (lui
423 2495 597 2561 Cominius
612 2493 887 2579 tribunusplebis
902 2494 993 2557 diem
1008 2495 1051 2558 ed
1062 2496 1223 2578 populum
1234 2495 1332 2571 dixit,
1346 2492 1438 2578 quod

345 2599 627 2663 comiculuriumm
649 2617 742 2662 soum
758 2597 866 2678 stupri
880 2614 985 2660 causo
998 2597 1243 2678 appellasset*
1274 2594 1348 2660 Nec
1364 2613 1438 2658 sus·

377 2835 387 2858 ⁶
401 2828 500 2877 iliberri
513 2828 587 2890 plebio
596 2829 718 2878 mnenon
729 2829 909 2892 mitterent
919 2827 1094 2886 vicissentibus
1110 2828 1191 2878 liceret
1207 2827 1270 2876 dorni
1279 2825 1401 2876 libidinore
1416 2829 1440 2874 et

345 2893 448 2955 turpiter
457 2891 543 2956 oium,
553 2893 607 2958 quic
614 2892 677 2955 forie
685 2895 789 2958 periculo
797 2907 908 2956 gerente
917 2892 1045 2942 obierat.

346 3169 419 3231 Lipe.
429 3175 456 3217 et
465 3169 554 3217 Voret.
562 3175 651 3216 contra
658 3181 746 3216 ornnes
755 3165 831 3217 codd.
841 3174 868 3216 et
878 3165 937 3215 edd.
946 3171 1011 3215 vett.
1023 3167 1113 3228 legunt
1120 3163 1206 3228 perito,
1214 3163 1281 3228 qnod
1293 3161 1441 3226 improbent

345 3233 465 3282 Perizon.
476 3232 586 3282 Torren.
597 3239 626 3281 ct
638 3233 789 3295 liupo—29
806 3231 927 3282 Nonnulli
945 3231 1010 3279 Mer.
1028 3239 1121 3280 nornen
1143 3228 1269 3278 trirnnviri
1285 3225 1384 3275 faciunt
1407 3225 1440 3275 G.

346 3296 503 3348 Fescennino:
518 3295 546 3343 rb
556 3297 675 3358 capitolin,
692 3296 767 3344 dccet
785 3297 811 3344 in
831 3294 988 3344 editionibus
1002 3295 1112 3344 vetustte
1132 3299 1159 3342 et
1174 3292 1260 3340 rnrrltir
1279 3291 1342 3338 Mes.
1376 3289 1440 3338 Mox

344 3361 418 3425 primi
426 3360 472 3422 pili
483 3359 630 3422 disjunctim
644 3361 670 3409 in
681 3359 779 3423 aliquot
788 3358 864 3408 codd.
877 3358 945 3423 qued
957 3359 1044 3421 placet
1052 3357 1251 3406 'lomento-³⁰
1264 3355 1318 3402 Non
1327 3357 1441 3416 putenmt

346 3427 408 3475 enim
417 3423 508 3472 tribuni
517 3425 635 3472 undecim
646 3422 722 3472 codd.
731 3424 839 3473 Turrem
849 3437 907 3472 cum
916 3424 1016 3473 venet
1029 3423 1054 3470 in
1063 3420 1114 3470 fine
1126 3420 1246 3482 Exempli
1258 3418 1442 3482 superioris.-

347 3493 377 3538 81
397 3487 467 3537 Ante
480 3487 600 3550 Pigblnm
613 3487 652 3537 M.
664 3489 769 3536 Lector-ii
780 3486 924 3550 imbutor,
941 3485 1009 3551 qnod
1029 3486 1054 3533 ln
1076 3483 1228 3549 quibusdem
1249 3482 1324 3532 codd.
1343 3480 1441 3556 invenit

346 3554 453 3602 Torren.
475 3551 521 3600 red
542 3551 642 3600 Laterii
660 3559 760 3600 rectum
779 3565 837 3600 erre
855 3552 933 3600 etium
953 3563 986 3599 ex
1004 3548 1085 3599 fluide
1103 3557 1186 3612 patet.
1220 3548 1282 3596 Mox
1304 3543 1442 3607 Lipnnerl

347 3617 433 3666 ernon
451 3613 583 3675 infertum,
602 3621 629 3663 ct
648 3615 849 3678 expungendum
871 3622 976 3664 censet:
999 3615 1121 3663 Scbottus
1144 3613 1206 3662 item
1224 3611 1264 3660 vel
1285 3624 1350 3671 eque
1362 3607 1442 3669 sadus

347 3683 427 3729 exitur
440 3681 479 3729 vel
491 3681 577 3729 similis
588 3679 667 3728 exitur
677 3679 814 3742 legendnm
823 3677 936 3742 judicet.
957 3677 1024 3726 Vide
1036 3677 1099 3726 Obr.
1113 3677 1191 3726 Huni.
1203 3690 1245 3725 111.
1254 3679 1294 3724 un.
1315 3673 1443 3786 Suspecta

349 3744 440 3794 cedern
451 3759 499 3794 vox
510 3745 560 3794 init
571 3742 716 3805 Perizonio,
733 3755 841 3807 eamque
853 3743 940 3792 omitit
958 3741 1170 3792 Arcenam—82
1189 3739 1285 3790 Medic.
1304 3742 1325 3788 l.
1343 3751 1358 3785 o
1391 3741 1439 3784 otu·

842 3895 948 3949 NOTAE

379 4031 877 4096 ¹¹cornicularium]Comiculerllrrnnt,
919 4029 1011 4078 tnrluur
1030 4028 1151 4088 ministri,
1173 4025 1214 4092 qni
1236 4024 1334 4088 vigilio·
1352 4035 1441 4072 eorum

350 4113 391 4158 uel
399 4111 511 4173 arcensi,
522 4111 565 4175 qui
580 4111 605 4159 ln
618 4109 683 4159 rciel
694 4107 816 4158 cornibus
827 4118 878 4154 nnn
918 4103 973 4153 loco
982 4103 1156 4154 circumirent.
1190 4099 1264 4152 Quod
1274 4097 1443 4146 'l'ribunornm

350 4199 409 4233 curn
420 4187 611 4235 Decurionibus
622 4189 818 4242 statuerentnr3
835 4182 877 4230 rel
917 4176 1025 4241 imperia
1041 4177 1174 4227 corniculo
1193 4175 1309 4238 ederent,
1327 4173 1443 4226 comicu-

349 4258 446 4323 potior,
456 4272 490 4307 ex
500 4259 613 4323 Sigonio,
629 4259 798 4310 'l'ribnnornm
815 4255 880 4319 mili·
920 4255 977 4304 lorii
994 4255 1057 4304 dicti
1075 4264 1143 4304 runt.
