3080 5106
521 423 601 470 cnr.
619 423 685 470 vrr.
710 424 758 472 ne
781 424 968 474 surorum.
1225 413 1292 476 teo

88 597 95 606 ·
205 565 368 630 talemuri
390 563 482 648 qui⁶⁵
503 565 567 630 hoc
588 567 700 632 dicere
720 568 836 646 voluit,
853 588 894 634 an
917 569 973 634 eui
995 568 1109 634 andire
1132 569 1292 652 contigiti

206 666 350 730 Maximi
372 668 458 730 euim
480 667 582 732 animi
606 668 695 746 Rex,
718 669 856 734 etiam⁶⁶
878 678 980 736 totum
1003 677 1156 734 terrarum
1180 672 1293 734 orbem

205 775 265 832 ant
279 768 435 846 victoriis,
451 773 511 832 aut
525 789 586 852 spe
601 771 807 851 complexus,
823 775 892 834 tam
907 772 1026 853 paucis
1041 771 1149 834 serbis
1165 790 1202 833 se
1216 790 1293 836 cum

204 869 326 932 comite
349 886 411 930 suo
437 870 580 949 partitus
605 876 669 933 est.
714 867 744 931 0
769 868 893 933 donum
920 871 1053 953 inclytae
1069 871 1174 947 vocis,
1201 871 1292 936 danti

202 967 321 1050 pariter
330 973 431 1052 atque
443 968 624 1050 accipienti
633 969 843 1051 speciosum!
887 969 988 1048 Quod
999 969 1152 1052 privatim
1162 989 1293 1053 quoque

202 1067 316 1131 merito
339 1088 487 1147 veneror,
511 1069 688 1134 clarissimi
715 1088 755 1134 ac
780 1070 993 1136 disertissimi
1018 1071 1083 1135 viri
1109 1072 1295 1154 promtissi-

201 1187 290 1231 mam
301 1189 377 1252 erga
391 1190 447 1234 me
460 1170 719 1235 benevolentiam
736 1177 904 1255 expertus.
949 1171 1023 1236 Nec
1038 1174 1161 1249 metuo,
1176 1191 1216 1235 ne
1231 1191 1292 1254 pa·

201 1288 273 1332 rum
300 1272 488 1347 conveniat,
503 1271 585 1334 mihi
600 1270 827 1353 Pompeium'
847 1281 958 1334 meum
977 1274 1079 1336 instar
1101 1291 1176 1336 esse
1192 1271 1295 1337 Alex·
1361 1339 1363 1342 .

202 1370 316 1451 andri;
339 1390 417 1434 cum
442 1367 527 1433 itli⁶⁷
550 1369 751 1452 Hephaestio
770 1389 850 1434 suus
873 1372 1066 1438 alteriuerit
1080 1373 1295 1439 Alexander!

202 1470 274 1553 Ego
294 1489 373 1535 vero
396 1470 593 1552 gravissimo
617 1470 745 1534 crimini
767 1472 831 1535 sim
854 1474 1032 1551 obnoxius,
1055 1477 1238 1540 constantis
1262 1482 1296 1539 et

142 1561 147 1565 ’
200 1572 353 1654 benignae
369 1571 525 1636 amicitiae
554 1571 708 1653 exempla
730 1571 803 1635 sine
819 1573 888 1635 nlla
908 1570 980 1654 eJus
1001 1573 1168 1638 mentione
1190 1580 1295 1640 trans·

202 1685 353 1754 gressus:
377 1673 473 1755 cujus
487 1675 520 1736 in
536 1673 661 1751 animo,
677 1674 768 1737 velut
789 1674 825 1738 in
843 1681 1019 1756 parentum
1048 1677 1296 1740 amantissimo-

201 1793 271 1837 rum
287 1780 432 1856 pectore,
444 1775 554 1842 laetior
567 1776 645 1840 vitae
661 1795 747 1841 meee
765 1781 875 1840 status
890 1775 1006 1856 viguit,
1022 1773 1146 1838 tristior
1161 1776 1297 1857 acquie-

201 1876 259 1938 vit.
303 1873 336 1938 A
355 1895 422 1957 quo
437 1877 581 1940 omnium
596 1877 794 1940 incre‘menta
811 1874 1057 1940 commodorum
1079 1873 1167 1940 ultro
1183 1875 1296 1939 oblata

202 1975 297 2056 cepi:
320 1995 379 2057 per
403 1996 501 2059 quem
525 1977 628 2041 tutior
654 1977 817 2040 adversus
841 1993 940 2038 casus
966 1975 1064 2037 steti:
1098 1975 1158 2055 qui
1183 1974 1296 2039 studia

202 2079 319 2138 nostra
332 2075 432 2140 ductu
444 2085 478 2140 et
494 2077 656 2159 auspiciis
673 2077 744 2140 suis
758 2075 926 2140 lucidiora
946 2081 981 2136 et
1001 2073 1164 2137 alacriora
1173 2072 1201 2113 ⁶⁸
1223 2075 1297 2139 red-

202 2173 299 2240 didit.
344 2175 463 2260 Itaque
478 2177 558 2259 pavi
572 2176 733 2241 iuvidiam
748 2173 951 2258 quorundam
972 2173 1092 2255 optimi
1107 2175 1209 2238 amici
1218 2174 1295 2260 jac·

201 2279 284 2352 tura,
309 2275 461 2340 videlieet
486 2276 566 2359 qnia
592 2274 738 2340 fructu⁶⁹
761 2281 941 2340 torseram:
964 2292 1029 2336 non
1059 2272 1194 2354 quidem
1217 2293 1294 2339 meo

200 2377 337 2457 merit03
360 2379 499 2459 gratiam
523 2397 644 2456 meam,
665 2381 929 2460 quantacumque
954 2373 1029 2450 fuit,
1052 2392 1130 2437 cum
1152 2374 1216 2452 his,
1237 2378 1296 2458 qui

200 2494 239 2539 ea
253 2477 303 2540 uti
317 2478 499 2555 voluerunt,
513 2479 679 2562 partitus!
720 2475 848 2540 Verum
862 2473 1036 2538 nullatum
1058 2472 1208 2537 modesta
1222 2475 1294 2538 ieli-

201 2577 286 2642 citas
307 2585 369 2655 est,
385 2598 463 2661 quse
489 2579 705 2662 malignitatis
731 2577 849 2642 dentes
863 2575 970 2640 vitare
996 2574 1114 2657 possit.
1157 2571 1204 2638 Et
1225 2594 1294 2659 quo

231 2764 247 2798 P
264 2757 316 2808 Nec
327 2758 405 2819 ram,
419 2774 449 2810 ss
463 2774 548 2823 amm
565 2760 655 2822 decem,
671 2760 694 2808 si
711 2759 796 2808 dixero
810 2757 945 2819 Pompeiam
963 2770 1039 2804 meum
1055 2756 1116 2806 uili
1132 2757 1297 2808 seusiam·

200 2821 278 2880 dm,
294 2836 346 2870 crta
356 2823 403 2886 ipsi
414 2824 549 2873 Alexandro
560 2821 698 2885 Heptaente
709 2817 1018 2894 olterUAl'ecusderflsroerit.
1066 2882 1072 2893 ·

233 2885 345 2948 «ltaque
392 2887 446 2936 timi
465 2885 648 2944 majanum
663 2883 750 2931 odiosi
768 2882 1198 2943 nudandmnmqmmmue
1216 2886 1295 2934 inne

200 2947 231 2997 oi
240 2951 315 2997 mico
324 2963 354 3012 pr
379 2955 430 2999 ectu
440 2947 636 3010 agressrslost:
653 2945 719 2994 salla
728 2958 756 2992 re
771 2949 851 2992 tam
866 2943 960 2990 illerum
969 2943 1083 2993 incidians
1097 2948 1229 3008 praemi,
1244 2962 1297 2996 csse

199 3012 434 3123 mamonae
443 3013 519 3074 ipsam
534 2999 650 3071 mumm',
665 3011 848 3071 nemmem
857 3005 922 3067 seit,
935 3005 1041 3067 petitas
1054 3006 1100 3056 sius
1111 3022 1164 3057 esra
1172 3010 1203 3058 iis
1213 3011 1254 3073 qai
1270 3025 1297 3059 ea

659 3164 835 3185 m}

201 3249 244 3298 lec
253 3248 347 3299 mss
354 3265 364 3307 ‚-
381 3247 477 3298 Uitra'.
488 3252 511 3298 l.
523 3245 742 3307 coafunderia-di
761 3245 833 3295 Leid.
844 3251 868 3294 5.
879 3250 906 3294 et
917 3243 1001 3294 Bitur.
1014 3250 1037 3295 l.
1049 3246 1072 3293 ei
1081 3245 1122 3308 qui
1129 3260 1139 3303 ,-
1156 3245 1251 3310 eones.
1265 3263 1297 3298 aa

200 3313 256 3377 μὴ·
274 3313 405 3376 Uitraja.
417 3320 445 3360 et
488 3311 714 3376 og.solserlt.-dd
731 3307 805 3360 Leid.
817 3313 841 3359 7.
853 3308 932 3359 habet
949 3309 1021 3358 etium
1040 3309 1180 3373 ”criptum
1197 3312 1297 3362 recenti

200 3391 294 3426 mauu:
312 3376 465 3426 Perizonius
476 3377 540 3440 legit
549 3375 651 3424 divisim
662 3374 761 3435 etjam:
778 3374 804 3421 in
816 3373 910 3437 copes.
928 3372 991 3422 ordo
1011 3374 1049 3422 its
1063 3381 1186 3437 mutatur,
1202 3381 1231 3424 ut
1242 3375 1298 3426 Rex

201 3440 303 3490 demum
315 3447 428 3503 ponetur
438 3449 496 3503 post
505 3441 711 3502 muntem-cr
729 3437 879 3486 Perizonius
891 3437 960 3499 conj.
969 3451 1022 3486 cars
1031 3443 1056 3486 et
1065 3439 1176 3488 tut—as
1193 3437 1297 3490 leitil.

201 3505 367 3554 onore-os
383 3504 505 3568 Quinque
516 3503 592 3553 codd.
602 3503 712 3552 Torren·
728 3515 785 3564 quos
794 3501 900 3560 fructu
916 3501 984 3565 quod
997 3501 1122 3564 probabat
1133 3502 1296 3563 Perizonius;

201 3567 382 3628 duofraclautr
397 3568 448 3617 duo
458 3567 563 3628 mnus.
595 3567 660 3616 Mox
671 3564 823 3626 Tursecius,
838 3579 886 3626 pro
904 3565 1033 3624 colam,
1051 3566 1144 3628 inquit,
1161 3567 1296 3616 emendavi

201 3633 332 3693 oducunt,
344 3630 498 3695 jubentibus
508 3630 623 3682 omnibns
634 3629 738 3692 seriptis
757 3643 814 3678 cum
829 3629 900 3690 Meg.
932 3628 971 3678 At
989 3630 1015 3678 iu
1035 3635 1108 3678 texte
1123 3629 1239 3680 Tomenil
1256 3637 1297 3680 est

201 3694 492 3756 aerumnosarum
511 3708 648 3760 operarum
667 3707 761 3743 errore.
778 3693 899 3744 oelamat
917 3693 1088 3757 quoqneVet.
1107 3691 1194 3743 hebet.
1227 3694 1295 3743 Edd.

694 3823 801 3872 NOTAE

234 3925 250 3949 '
267 3917 417 3982 Pompeiam]
443 3920 492 3968 Vel
518 3919 659 3982 Pompeius
687 3917 731 3966 iiie
772 3917 816 3980 qui
839 3931 870 3965 eo
890 3930 968 3979 suno,
991 3928 1043 3980 qno
1065 3913 1131 3964 obiit
1157 3913 1296 3981 Augustus,

203 3992 294 4042 Macer
304 3989 364 4051 suit,
376 3992 419 4055 qui
437 3990 547 4055 Augusti
559 3991 729 4041 Bibliothecae
772 3991 867 4040 Consul
877 3999 942 4039 erut.

203 4074 326 4130 praeerat,
349 4067 422 4130 crrjus
444 4067 560 4117 meminit
578 4066 728 4127 Suetonium
802 4065 998 4117 rimam.
1032 4063 1076 4114 01.
1096 4068 1152 4116 ill.
1169 4072 1193 4118 t.
1229 4069 1294 4122 Urb.
1340 4121 1342 4125 ,

205 4142 320 4191 reiillius
331 4141 408 4206 iilius,
418 4141 450 4191 de
462 4156 513 4206 qrro
523 4141 627 4192 Tacitus
635 4141 728 4191 Annei.
770 4139 817 4192 Ch.
827 4143 885 4191 42⁰.
912 4138 976 4189 Ant.
989 4137 1035 4192 cu
1046 4141 1102 4194 ³³2.

206 4214 252 4264 lib.
274 4229 293 4266 r.
313 4218 353 4266 rel
365 4217 450 4281 potius
461 4216 523 4268 Sex.
534 4216 579 4268 ilie
590 4215 729 4280 Pompeius
