3080 5106
316 385 380 448 526
617 395 773 443 vinnan
799 393 944 440 maximi
972 392 1040 438 nin.
1058 391 1092 436 v.

317 543 401 624 grati
430 541 530 605 animi
563 539 753 621 pignoribus
781 537 881 600 fuerit
909 535 1074 598 refertum.
1119 533 1291 598 Beneficio
1322 536 1411 598 enim

317 642 508 727 Scipionis¹
530 647 566 702 et
580 657 753 721 persuasu,
768 637 859 718 regni
881 635 980 698 modo
1001 635 1140 699 liberius
1161 641 1318 712 auctus,⁵²
1341 657 1412 700 me-

317 746 456 809 moriam
470 742 583 825 inclyti
597 741 742 804 muneris
757 740 800 803 ad
810 739 962 801 ultimum
977 738 1055 801 ritoe
1071 736 1178 812 finem,
1193 737 1294 819 longa
1307 741 1411 803 etiam

317 867 338 910 a
353 845 429 910 Diis
451 843 692 908 immortalibus
715 846 885 906 senectute
905 839 1058 917 donatus,
1075 840 1327 904 constatissima
1343 840 1410 904 lide

315 947 485 1030 perduxit.
528 943 627 1009 Adeo
657 951 694 1006 ut
722 961 796 1006 eum
825 959 891 1004 uon
920 940 1031 1003 solum
1058 937 1188 1014 Africa,
1217 939 1275 1002 sed
1303 942 1408 1004 etiam

316 1055 448 1111 cunctae
475 1051 588 1128 gentes
613 1045 767 1108 scirent⁵³
790 1043 981 1106 amiciorem
1006 1039 1172 1104 Corneliae
1193 1040 1341 1118 lemillae,
1355 1047 1407 1106 at·

316 1155 382 1229 qu'e
398 1149 471 1212 urbi
492 1147 593 1210 Rom.
610 1167 709 1230 quam
729 1145 863 1209 sibimet
878 1145 944 1226 ipsi
955 1150 983 1191 ⁵⁴
1005 1160 1137 1225 semper
1151 1141 1285 1220 luisses
1330 1143 1407 1219 Ille,

317 1268 394 1312 cum
413 1250 505 1329 gravi
531 1247 853 1329 Carthaginiensium
874 1246 965 1309 bello
990 1251 1205 1328 premeretur,
1220 1263 1261 1307 ac
1277 1245 1336 1308 vix
1357 1252 1408 1307 tu-

316 1350 390 1415 telae
407 1349 536 1433 imperii
550 1350 604 1414 sui
613 1357 639 1397 ⁵⁵
661 1348 836 1427 sufficeret,
850 1357 961 1414 tamen
969 1345 1118 1432 Scipioni
1127 1345 1321 1423 AEmiliano,
1331 1348 1408 1429 quia

312 1639 344 1684 52
361 1634 419 1684 ‘ltu
431 1634 545 1684 nonnulli
557 1635 674 1685 Torrenii
685 1637 750 1686 Mss.
761 1636 821 1686 Vet.
840 1636 910 1699 Lips.
927 1640 950 1686 1.
971 1639 996 1684 1.
1014 1635 1130 1699 aliaeque.
1154 1633 1269 1695 Pighius.
1292 1634 1411 1698 coleras,

315 1701 446 1762 vorstius,
454 1700 625 1750 et'l'orrenics
637 1699 750 1749 dedere:
768 1699 889 1764 Beneficio
899 1703 960 1750 esim
971 1699 1091 1762 Scipionis
1100 1704 1124 1746 el
1136 1698 1290 1748 Romanos-m
1300 1699 1410 1748 amicilia

316 1769 341 1813 st
358 1765 475 1828 perempti
490 1764 597 1828 (pervasi
611 1764 699 1812 Vorst.
718 1769 746 1812 et
764 1763 885 1825 Torren.)
895 1765 963 1825 regri
973 1767 1041 1814 mode
1051 1762 1181 1813 liberaliter
1195 1767 1283 1812 mclm.
1316 1762 1370 1812 Ast
1383 1771 1407 1813 et

316 1827 473 1877 Romanorum
484 1828 590 1876 amicitia
598 1826 674 1876 abest
684 1841 699 1875 s
710 1826 797 1903 Pighii
809 1827 885 1877 codd.
900 1837 926 1878 et
938 1827 1056 1877 omnibus
1065 1827 1185 1877 'l'orreoii
1196 1833 1223 1876 et
1235 1825 1309 1874 editt.
1320 1833 1410 1877 vetus·

315 1891 358 1955 tis,
378 1905 426 1942 nee
437 1893 521 1941 locum
532 1891 628 1940 trabere
640 1905 717 1956 posse
729 1893 849 1951 videtum
868 1893 916 1942 etsi
929 1893 955 1941 in
966 1893 1060 1942 Caucis.
1079 1893 1149 1942 Dan.
1167 1898 1195 1941 et
1205 1891 1324 1940 Lavernii
1336 1892 1409 1940 iure-

314 1956 393 2006 uitur.
427 1956 610 2020 Propontiacis,
621 1955 823 2021 pleriqueoodd.
836 1957 924 2018 Piguit
936 1963 963 2006 et
972 1972 1038 2006 uuus
1049 1957 1166 2007 Torreoii
1175 1957 1270 2018 perscsi
1277 1972 1288 2013 ,-
1304 1956 1375 2008 nan.
1383 1965 1411 2006 et

315 2019 424 2068 Larem.
437 2029 464 2070 et
475 2021 578 2084 quidam
597 2021 706 2070 Torreu.
728 2022 822 2084 pmuasi
832 2037 842 2079 ,·
866 2022 963 2071 Csuch.
985 2022 1067 2071 Persei
1086 2021 1168 2082 reguis
1179 2019 1309 2069 liberaliter
1318 2026 1409 2070 eadm.

315 2083 394 2134 Certe
404 2099 519 2147 persuasis
528 2091 712 2135 conmutatum
724 2085 946 2148 essetalibrsriir,
959 2085 981 2134 si
989 2087 1038 2135 troc
1045 2085 1133 2136 ordine
1140 2085 1294 2134 collocutum
1304 2083 1409 2134 fnisset:

315 2148 435 2213 Beneficio
446 2151 507 2198 enim
516 2153 539 2196 et
548 2162 661 2210 pumma
676 2149 806 2211 Scipionis,
816 2153 856 2213 lpc.
874 2165 931 2199 corn
944 2164 1008 2200 vero
1019 2150 1138 2214 Scipionis
1148 2151 1285 2212 eleganter
1295 2149 1409 2212 interpo-

315 2211 393 2260 sitam
414 2222 484 2261 esset
499 2212 568 2260 inter
585 2211 636 2261 duo
655 2212 816 2262 substantiva
833 2215 953 2280 Beneficio
975 2221 1004 2263 et
1019 2229 1145 2277 persuasu,-
1163 2214 1277 2275 imperiti
1293 2213 1409 2262 homines

316 2281 442 2336 putarunt
457 2289 572 2337 persuasu
593 2289 651 2326 esse
675 2277 766 2326 vitiose
780 2279 904 2342 seriptum
924 2293 972 2342 pro
989 2279 1130 2342 adjectivo,
1149 2278 1219 2341 quod
1230 2277 1408 2341 adregrriper-

316 2338 422 2398 tineret‚
433 2343 461 2386 et
472 2345 603 2389 mutarunt
614 2340 640 2388 in
650 2342 751 2402 pervasi,
758 2343 862 2404 portasi,
872 2344 939 2392 uude
949 2357 1026 2405 porro
1038 2350 1122 2393 ortum
1134 2343 1225 2390 Persei.
1260 2342 1367 2402 Pighius
1377 2357 1410 2390 ex

316 2401 470 2462 conjecturs
499 2402 586 2452 invitis
613 2405 730 2453 omnibus
746 2405 819 2454 libris
843 2406 869 2453 in
889 2415 990 2455 textum
1011 2407 1113 2469 recepit
1131 2405 1255 2469 peruropli.
1290 2407 1408 2455 Vorstins

315 2466 406 2514 maluit
420 2469 532 2529 percum,
543 2469 560 2517 i.
572 2483 596 2517 e.
606 2468 742 2531 perampli.
769 2469 881 2532 Pesuasi,
893 2471 910 2519 i.
924 2485 947 2519 e.
959 2479 989 2520 ut
1000 2472 1107 2522 Colerus
1123 2472 1324 2533 interpretatur,
1341 2471 1409 2534 qtrod

317 2528 427 2579 assiduis
448 2531 573 2580 bellorum
590 2531 779 2582 incursionibus
797 2541 961 2597 penetratum
974 2541 1002 2583 et
1012 2541 1139 2583 vastatum
1158 2543 1208 2595 eat,
1226 2541 1299 2584 reete
1318 2535 1410 2598 rejecit

314 2594 421 2645 Turrem.
443 2594 586 2644 Liberaliter·
597 2601 639 2643 est
650 2596 675 2643 iu
700 2596 795 2644 Cstrch.
816 2605 844 2647 et
864 2599 937 2648 Med.
955 2613 1009 2648 sec.
1028 2599 1147 2648 liberata
1158 2598 1183 2646 in
1195 2599 1342 2659 nonnullis;
1363 2598 1409 2647 sed

316 2659 433 2722 plerique
445 2659 508 2706 Mss-
521 2665 548 2707 et
559 2659 619 2708 edd.
632 2665 696 2708 vett.
705 2660 803 2709 habeut
815 2661 919 2724 liberius,
931 2663 947 2712 l.
960 2678 982 2711 e.
991 2661 1104 2723 sortiter,
1116 2663 1249 2724 audacter,
1258 2664 1325 2726 quod
1338 2677 1410 2710 revo-

317 2723 381 2772 cavi.
400 2723 519 2771 Perizon.
540 2723 648 2786 conjicit
660 2723 770 2773 uberius!
786 2725 940 2788 Rapta—bl
958 2727 1151 2776 Harlscr'ererst:
1161 2727 1235 2776 Leid.
1246 2730 1271 2776 4.
1278 2728 1412 2775 amiciorem

316 2801 384 2843 amr
407 2787 505 2850 aliquot
516 2788 686 2844 amicitiorem
703 2788 774 2838 Leid.
786 2795 810 2838 5.
830 2791 947 2840 Cornelioe
965 2794 1034 2852 gesti
1055 2791 1209 2851 elsarns'lioe,·
1227 2790 1298 2842 Leid.
1317 2795 1339 2839 1.
1358 2790 1411 2839 arbi

316 2853 403 2897 nostra
424 2857 566 2913 quam-bl
583 2853 731 2903 Pronomen
750 2854 870 2917 ipsi’ret.
884 2855 945 2904 edd.
962 2869 1012 2904 uon
1032 2855 1139 2914 babent,
1164 2855 1231 2919 quod
1258 2868 1318 2902 vero
1348 2856 1410 2903 Vet.

316 2914 445 2974 sgnorcit,
455 2915 481 2964 in
494 2932 544 2979 qna
561 2930 609 2981 pro
619 2918 698 2977 fuisse
709 2924 749 2966 est
761 2933 816 2966 esse.
850 2921 922 2983 Mag.
939 2935 997 2968 eum
1008 2919 1127 2968 undecim
1137 2918 1211 2968 codd.
1224 2919 1329 2966 Torreu.
1339 2931 1412 2980 quam

316 2977 409 3027 dbimct
420 2980 597 3044 caperonem
613 2990 668 3031 tres
687 2983 730 3030 alii
741 2983 848 3032 Torren.
861 2999 929 3046 pacm
940 2985 1034 3033 sibimet
1046 2989 1190 3045 superessem
1209 2982 1279 3031 Leid.
1295 2984 1320 3029 7.
1339 2995 1412 3044 quam

316 3041 410 3092 tibimet
422 3044 444 3093 si
460 3060 586 3108 superesse,
598 3060 613 3094 a
631 3061 665 3097 m.
677 3060 717 3108 pr.
728 3047 843 3095 secunda
853 3049 974 3109 ascripsit
984 3049 1047 3111 ipsi,·
1064 3048 1132 3096 unde
1143 3049 1250 3095 Torreu.
1261 3046 1330 3108 conj.
1340 3061 1411 3107 quum

315 3107 408 3156 sibimet
418 3111 466 3172 ipsi
476 3125 603 3172 superesse,
619 3111 661 3158 vel
671 3124 740 3172 quom
750 3111 841 3160 sibintel
852 3112 887 3159 sic
896 3125 1023 3174 superesse.
1057 3111 1139 3160 Addit
1150 3117 1251 3160 tamen:
1268 3111 1336 3160 ‘Sed
1347 3111 1411 3158 nihil

316 3169 424 3232 affirmo,
443 3188 499 3222 curn
513 3175 582 3237 vulg.
595 3175 655 3223 leet.
666 3187 770 3223 sensum
787 3175 850 3224 sutis
870 3179 1031 3224 commodum
1048 3177 1187 3236 exhibeat;
1204 3191 1251 3240 pro
1263 3189 1312 3239 qna
1323 3183 1410 3224 tamen

316 3235 367 3296 legi
390 3237 469 3284 etism
494 3241 591 3300 possita
608 3253 677 3300 psam
696 3239 789 3286 libitam
804 3254 894 3300 semper
912 3253 978 3288 esse:
995 3241 1011 3288 i.
1032 3255 1055 3289 e.
1075 3241 1143 3288 omni
1154 3242 1289 3288 occasione
1300 3239 1368 3287 illurn
1382 3252 1411 3286 so

231 3307 236 3314 '
316 3299 462 3348 sniieiorem
484 3299 588 3352 familiia
608 3302 745 3363 Corneliae,
767 3310 794 3349 et
806 3302 862 3350 urbi
875 3304 947 3352 ltorn.
959 3319 1035 3366 quum
1048 3304 1153 3353 sibimet
1163 3303 1306 3368 praetere!
1339 3302 1413 3350 Hinc

316 3361 453 3426 Kappius:
470 3365 606 3416 ‘Valerius
624 3381 655 3415 ex
673 3378 730 3413 mea
742 3366 873 3414 sententia
884 3367 1002 3429 scripsit:
1022 3369 1190 3430 qttumsibs'met
1200 3369 1245 3430 ipsi
1254 3379 1410 3429 sculperetur,

316 3434 345 3474 ut
354 3427 414 3477 Vct.
422 3427 582 3478 habot.’—55
601 3431 645 3480 Sic
656 3444 744 3480 omues
756 3430 847 3492 scripti
859 3438 886 3478 et
898 3433 984 3480 mtrltae
995 3432 1053 3480 edd.
1063 3440 1122 3480 ante
1130 3433 1260 3494 Figulum,
1270 3435 1312 3496 qni
1322 3430 1410 3477 edide-

317 3497 358 3539 rat
376 3492 447 3552 regni
463 3493 518 3550 sui,·
533 3501 629 3543 cetera
642 3493 701 3544 edd.
713 3496 750 3543 sui
760 3493 871 3556 imper·is',·
888 3495 958 3560 Lipe.
974 3510 1034 3544 vero
1044 3497 1172 3544 'ilianueri
1183 3497 1208 3545 in
1219 3511 1243 3545 se
1253 3495 1348 3558 irnperii
1364 3497 1412 3543 sui.

804 3648 915 3700 NOTAE

347 3766 360 3792 ¹
376 3759 496 3825 Beneficio
506 3760 570 3810 criu
579 3757 708 3823 Scipionis]
725 3759 776 3808 Ubi
786 3759 840 3809 Sei·
881 3763 920 3811 nis
933 3763 1060 3812 AEmiliani
1072 3763 1104 3812 sd
1117 3763 1282 3812 Masinissam
1300 3761 1410 3810 diximus

317 3835 359 3898 pio
370 3836 464 3886 bellum
481 3837 609 3888 Punicum
621 3835 762 3886 secuudum
781 3850 841 3886 con·
881 3839 926 3889 lib.
935 3853 954 3888 r.
966 3854 989 3889 c.
999 3844 1022 3889 1.
1036 3841 1096 3890 Exi.
1107 3844 1163 3889 mi.

315 3910 386 3976 lecit,
398 3913 550 3977 liminiana,
560 3919 770 3976 cumpaternum.
786 3913 841 3963 Nu·
914 3915 988 3974 trin.
1001 3917 1122 3966 1113851.
1139 3916 1249 3985 ⁰¹·.¹⁴¹²·
1260 3919 1285 3964 t.
1303 3911 1366 3963 Urb.
1378 3914 1409 3962 C.

315 3986 406 4056 midias
428 4003 544 4053 regnum,
563 3989 630 4054 quod
645 3989 749 4053 Syphax
769 4003 841 4038 usur·
881 3991 1147 4042 nannetensem

316 4069 434 4123 paverat,
445 4064 574 4115 redditum
589 4075 642 4117 eat:
661 4074 714 4117 turn
727 4082 786 4131 pars
798 4065 841 4116 ad·
912 4066 927 4094 ¹
938 4066 987 4118 An.
998 4069 1036 4118 Μ.
1047 4071 1120 4117 390³.
1137 4067 1180 4120 01.
1192 4071 1248 4117 157.
1261 4072 1286 4116 2.
1303 4063 1368 4116 Urb.
1379 4065 1411 4115 C.

317 4135 382 4194 05⁸⁸,
401 4143 427 4184 ²²
443 4141 513 4202 regni
526 4142 661 4207 Syphacis,
672 4151 700 4192 et
711 4145 767 4209 agri
780 4145 840 4194 Car·
879 4146 936 4193 602.
948 4143 1010 4194 Ant.
1022 4143 1066 4193 cl.
1079 4146 1134 4192 loll.

316 4209 494 4274 thsginiensis.
527 4216 569 4264 De
588 4217 718 4281 legatione
743 4218 840 4283 Scipio·
