3080 5106
192 413 458 462 hlb.v.citi².1.
481 411 530 460 Du
553 411 812 462 numeremus
837 415 883 462 ΕΤ
906 415 1138 465 CLEMENTIA.
1181 403 1247 470 499

146 557 294 622 maxime
309 558 441 641 probes,
458 555 531 641 ejus
546 563 658 620 tameo
673 557 918 623 commendatio
938 575 1139 642 praecurrere
1153 561 1243 626 vide·

147 667 212 738 tur,
228 661 281 724 cui
294 677 414 722 nomen
430 677 476 722 ex
490 659 568 740 ipso
583 658 740 740 numine3
765 661 941 741 quaesitum
955 661 1031 724 este

188 763 221 827 1.
245 761 333 826 Ante
359 760 473 825 omnia
501 766 638 824 antem4
656 759 899 826 humanissima
919 766 956 826 et
983 761 1243 828 clementissima

145 869 280 927 senatus
300 870 378 926 ueta
398 861 549 926 reseram.
595 860 675 940 Qui,
690 882 767 927 eum
791 861 1115 944 Carthaginiensium
1138 864 1242 946 legati

144 964 188 1028 ad
204 963 358 1046 captivos
371 962 609 1028 redimendos·
630 965 663 1027 iu
680 963 803 1029 Urbem
820 964 1000 1041 venissent,
1014 965 1167 1046 protinus
1180 966 1244 1044 his,

142 1064 237 1129 nulla
258 1065 403 1148 pecunia
426 1073 572 1148 accepta,
600 1065 745 1130 reddidit
763 1067 918 1150 juvenes,
940 1083 1113 1128 numerum
1139 1065 1242 1130 duum

141 1163 283 1230 millium
309 1172 343 1231 et
369 1168 651 1249 septingentorum
677 1169 898 1251 quadraginta
924 1169 1021 1230 trium
1050 1166 1240 1249 explentes.

141 1265 288 1332 Verum⁵
311 1273 441 1332 tantum
461 1267 611 1330 bostium
634 1269 817 1332 exercitum
835 1267 1022 1342 dimissum,
1037 1273 1164 1332 tantam
1184 1287 1241 1350 pe-

141 1369 272 1434 cuniam
298 1369 514 1441 contemtum,
538 1373 592 1428 tot
617 1364 778 1430 Punicis⁶
800 1365 930 1448 injuriis
956 1367 1088 1430 veniam
1115 1367 1240 1445 datam,

139 1467 236 1550 ipsos
251 1469 387 1548 legatos
413 1465 626 1548 obstupuisse
641 1464 791 1541 arbitror,
815 1485 856 1529 ao
880 1485 992 1530 seeum
1016 1466 1161 1530 dixisse:
1183 1467 1239 1530 ‘O

139 1564 399 1630 munificentiam
414 1566 518 1646 gentis
533 1563 708 1640 Romanae,
726 1564 873 1648 Deorum
893 1564 1090 1646 benignitati
1105 1585 1239 1649 aequan-

142 1665 238 1730 dam!
261 1664 404 1729 Oetiam
420 1670 564 1730 nostram
581 1665 779 1748 legationem
795 1684 896 1748 supra
907 1670 983 1728 vota
997 1665 1145 1728 felicem!
1160 1686 1237 1730 nam

142 1767 232 1850 quod
256 1765 453 1830 beneficium
477 1785 647 1851 nunquam
672 1766 908 1842 dedissemus,⁷
934 1747 1150 1848 accepimns?
1194 1766 1239 1830 Ii-

140 1869 198 1932 lud
212 1886 349 1951 quoque
362 1887 428 1932 non
445 1887 587 1951 parvum
609 1867 825 1932 humanitatis
840 1872 976 1934 senatus
998 1866 1158 1931 indicium
1174 1873 1238 1932 est.

30 1969 36 1976 '
142 1968 354 2051 Syphacemb
375 1970 462 2032 enim
486 1969 651 2051 quondam
678 1966 966 2058 opulentissimum
993 1959 1164 2032 Numidiae
1188 1986 1239 2031 re-

137 2184 335 2310 palulmzlloe
343 2193 421 2236 tusses
439 2186 516 2248 mugit
525 2187 705 2236 commendanda
715 2186 817 2248 uidetur,
830 2199 882 2249 pue
893 2198 974 2234 aemes
982 2181 1012 2233 uh
1026 2183 1077 2247 ipso
1088 2183 1143 2232 Deo
1153 2177 1238 2234 Libere

182 2264 208 2300 re
218 2264 297 2300 seem
310 2285 317 2300 .

598 2341 780 2361 mule!

137 2451 556 2517 lett.⁷.am.pr.-s⁴1nepta
577 2450 674 2511 leetio;
698 2451 767 2515 lege,
790 2465 821 2499 ex
839 2451 890 2514 ipso
912 2449 1006 2500 homin
1014 2466 1025 2510 ‚·
1051 2463 1146 2499 nomeu
1164 2451 1233 2498 enirn

137 2516 303 2568 humanitatis
314 2527 356 2568 est
376 2516 409 2566 ub
428 2515 548 2567 homine!
572 2515 741 2565 ltuCoierue.
773 2515 848 2564 ilaue
860 2517 996 2566 lectionem
1009 2514 1088 2564 etium
1106 2515 1133 2561 in
1152 2527 1239 2576 marg.

137 2582 238 2630 notavit
249 2582 367 2646 Pighius,
376 2581 487 2645 improb.
498 2582 588 2630 Vorst.
605 2581 714 2628 Torren.
727 2585 755 2627 et
765 2579 852 2643 Kapp.
886 2579 960 2630 Leid.
968 2584 993 2629 ¹1.
1002 2579 1107 2640 numine,
1117 2583 1145 2626 et
1156 2591 1234 2640 super

137 2645 276 2695 secuudum
294 2647 395 2695 literam
413 2646 618 2708 superscriptum
636 2643 712 2692 trahet
724 2658 746 2691 ο.
780 2643 878 2693 Brend.
890 2647 914 2692 l.
928 2647 953 2692 π.
972 2650 999 2692 et
1014 2657 1103 2693 omues
1122 2641 1235 2690 Torreu.

133 2707 198 2756 ieet.
208 2717 320 2760 nostram
332 2717 446 2761 serrant.
457 2709 595 2758 Nonnullae
607 2705 667 2756 edd.
678 2707 800 2756 exhibent
810 2709 877 2770 caim
884 2721 967 2755 nomeu
977 2722 1007 2755 ex
1021 2708 1069 2770 ipso
1079 2706 1184 2767 numine,
1193 2706 1236 2766 ise.

138 2776 187 2820 -t
205 2772 270 2822 Ante
279 2775 355 2822 omnio
366 2778 443 2822 iurueu
453 2774 558 2822 Veneti.
571 2770 651 2820 Aldd.
671 2771 866 2834 (tryphenus.
888 2777 915 2818 et
924 2769 1014 2832 Steph.
1026 2771 1094 2834 quod
1107 2776 1234 2833 respuunt

138 2835 215 2885 codd.
231 2836 382 2886 Autemnia
392 2837 560 2885 hemissum
573 2836 599 2883 in
618 2835 713 2895 copes.
739 2835 802 2879 Ante
816 2833 894 2880 omniu
904 2833 967 2879 iuter
978 2839 1032 2881 tres
1042 2833 1152 2884 Torreu.
1165 2834 1233 2897 quod

137 2899 278 2950 existerit»
295 2909 380 2950 ortum
402 2900 475 2949 credi
495 2905 594 2964 posset.
628 2895 717 2944 ceteri
738 2907 826 2942 ornnes
845 2899 979 2942 autem—h
997 2895 1058 2944 ‘Sic
1078 2897 1182 2959 Pighius
1200 2911 1234 2945 ex

137 2962 227 3013 Goion.
241 2965 343 3014 etcum
365 2998 372 3012 .
384 2969 485 3011 textum
505 2957 659 3015 eonstituit;
675 2964 704 3005 et
716 2956 753 3004 itu
763 2971 868 3019 quoque
884 2954 980 3005 hahent
991 2958 1077 3007 Perit.
1089 2966 1116 3007 et
1135 2961 1234 3008 Brund.

136 3040 212 3076 unus.
249 3027 320 3086 Ante
340 2980 460 3086 lighium
480 3025 505 3070 iu
528 3019 685 3071 editionibus
708 3018 817 3082 vulgatis
836 3019 975 3083 legebatur
994 3024 1121 3084 explentes,
1138 3021 1234 3070 omisso

142 3089 238 3151 Vm,
249 3103 272 3137 e.
286 3105 312 3152 g.
324 3089 349 3137 iu
362 3087 435 3150 Lips.
448 3092 470 3135 1.
480 3090 505 3140 2.
524 3084 608 3148 Lugd.
627 3091 655 3133 et
672 3083 710 3132 sio
727 3091 769 3132 eet
780 3083 805 3132 iu
818 3083 870 3136 Bit.
883 3083 959 3147 prim.
970 3092 1047 3160 utque
1063 3083 1135 3132 libris
1146 3084 1236 3146 Pighi-

140 3152 206 3202 snis.
238 3151 290 3202 Ast
301 3151 396 3202 Atreh.
408 3148 558 3202 un.Braud.
576 3149 668 3212 Copee.
681 3147 750 3196 Uitr.
771 3148 957 3208 primatuum
971 3149 1014 3198 siit
1034 3149 1098 3198 Mes.
1118 3149 1232 3211 itemque

138 3215 213 3278 Mog-
225 3224 254 3266 et
269 3217 329 3266 Vet.
340 3216 437 3264 hubent
447 3213 619 3276 cupidissimos
638 3227 723 3261 emm.
759 3213 859 3262 Tantum
870 3212 981 3274 hosiimu³
991 3214 1032 3274 isc.
1052 3212 1145 3274 Neque
1157 3211 1233 3260 uliam

137 3279 262 3342 originem
281 3281 360 3330 hahet
380 3278 452 3328 Med.
472 3292 524 3327 sec.
534 3275 731 3340 splendidissimos
741 3290 829 3339 emm,
847 3283 874 3325 et
887 3277 960 3325 Leid.
971 3283 1036 3339 sept.
1046 3275 1236 3338 locupletissimas

136 3345 302 3410 rerum‚quod
322 3351 459 3407 nurumque
479 3357 511 3391 ex
524 3340 740 3403 interpretatione
749 3341 793 3388 τοῦ
805 3339 977 3402 exoptatissimus
986 3356 1065 3390 rerum
1084 3348 1134 3390 est.
1167 3338 1235 3388 Mihi

136 3409 307 3471 tepidissimos
318 3423 397 3458 rerum
416 3407 491 3456 unice
508 3419 597 3454 verum
617 3417 674 3453 esse
686 3402 804 3464 videtum
822 3404 942 3453 Valerius
959 3405 1026 3453 enim
1039 3406 1105 3463 vult,
1123 3405 1234 3467 juvenes

136 3471 212 3532 istos,
222 3477 285 3523 titt
296 3485 392 3524 numm
404 3471 453 3536 (sio
464 3470 532 3520 onim
543 3470 637 3532 (iopes.
655 3473 683 3516 et
694 3467 737 3515 elii
754 3468 869 3532 quinque
882 3468 945 3518 lllss.
965 3469 1077 3534 itemque
1097 3468 1161 3518 Vet.
1172 3481 1233 3528 uon,

137 3543 168 3586 ut
179 3537 232 3597 aiii,
240 3552 370 3597 uem,
379 3536 434 3584 sive
444 3543 473 3584 ut
484 3548 549 3584 unius
562 3532 643 3582 Barb.
654 3533 685 3580 ed
695 3529 830 3595 sumerem)
840 3545 1000 3598 nequaquem
1011 3533 1134 3596 spoliatos
1145 3528 1235 3590 fuisse,

138 3601 185 3650 sed
196 3602 273 3650 rebus
285 3599 439 3651 necessariis
450 3597 673 3658 instructissimos,
693 3600 720 3644 et
741 3596 772 3644 ud
785 3595 965 3646 abundantium
983 3603 1113 3646 saturatos
1126 3593 1234 3644 curthu-

137 3665 297 3728 ginieueihus
309 3664 422 3714 redditos
439 3662 527 3712 iniisse.
570 3659 742 3710 Consentiunt
759 3673 858 3709 mecum
878 3660 1029 3711 Perizonius
1041 3667 1069 3709 et
1079 3658 1234 3709 Turranius!

138 3729 450 3790 Kapp.-onarh.1.et
468 3725 601 3777 Medius.
621 3729 645 3774 ei
656 3729 692 3772 tot
710 3724 818 3774 Punicis.
853 3724 917 3774 Mox
936 3739 983 3788 pro
1001 3723 1146 3784 obstupuisse
1164 3723 1233 3772 Dan.

137 3791 333 3855 obstipum-i
350 3793 470 3856 Quinque
490 3789 565 3840 codd.
588 3790 696 3838 Torreo.
713 3789 911 3850 pestutum-s
927 3787 1018 3842 heidd.
1036 3791 1059 3837 i.
1076 3791 1101 3842 4.
1121 3785 1234 3848 Tiburtis

631 3935 752 3990 NOTAE.

171 4077 183 4107 ⁸
193 4071 231 4122 Aa
241 4069 346 4134 captiuos
354 4065 512 4134 redinteudos]
526 4065 579 4114 Sub
587 4065 662 4116 linem
703 4066 752 4116 hus
762 4079 882 4116 concesse
892 4071 942 4114 est.

139 4145 201 4198 belli
211 4147 304 4196 Punici
313 4143 422 4196 secundi
430 4141 455 4191 id
463 4142 589 4206 contigit;
607 4157 664 4191 curu
736 4140 900 4206 iSyphaceru]
924 4139 976 4191 Qui
988 4137 1072 4190 vietus
1083 4154 1168 4190 umore
1186 4141 1230 4190 So-

140 4221 210 4274 uicto
220 4223 365 4284 Hannibale
382 4237 432 4286 pax
450 4219 665 4284 Carthaginiensi·
704 4217 844 4282 pironishee,
851 4215 934 4272 fredus
942 4230 1000 4268 cum
1009 4215 1129 4272 Romanis
1138 4216 1231 4268 initum
