3180 5120
319 455 385 519 902
585 469 779 518 ramrarro
802 468 989 516 sruruaru
1017 467 1149 516 arcun.
1228 537 1239 556 .

735 763 993 829 PRAEFATIO

618 963 890 1041 STEPHANI
932 965 1107 1042 PIGHII

416 1174 648 1241 EPITOMAE
670 1177 737 1242 DE
759 1176 1035 1243 NOMINIBUS
1061 1175 1308 1244 PRAEFIXA.

320 1410 516 1498 Vernaus
543 1436 620 1500 libri
649 1455 779 1514 omnes,
802 1456 887 1518 quos
910 1435 1068 1515 vidimus,
1102 1444 1173 1502 tam
1196 1438 1415 1520 manuscripti

320 1551 423 1613 qnam
446 1534 612 1617 impressi,
636 1537 735 1601 nobis
757 1543 1002 1620 repraesentant
1016 1535 1149 1616 Valerii
1176 1537 1322 1604 Maximi
1349 1536 1415 1600 hoc

320 1650 407 1714 opus
421 1632 470 1698 ita
483 1635 577 1698 libris
591 1655 711 1700 novem
725 1635 935 1700 distinctum:
959 1639 994 1700 in
1008 1637 1181 1721 aliquibus
1191 1646 1306 1703 tamen
1316 1657 1413 1720 repe-

319 1733 401 1799 titur
417 1734 592 1818 cujusdam
606 1735 771 1819 epitomes
785 1734 1017 1816 fragmentum,
1037 1739 1070 1801 in
1089 1739 1154 1804 fine
1176 1759 1346 1804 annexum
1356 1755 1418 1822 pre

320 1834 408 1898 libro
423 1835 565 1914 decimo,
588 1856 724 1920 proauus
740 1845 849 1906 tatum
863 1843 1021 1905 mmotum
1038 1845 1071 1904 et
1088 1840 1233 1905 alienum
1254 1842 1297 1905 ab
1318 1858 1415 1922 argu·

319 1942 430 2000 mento
458 1956 635 2021 sonnoque
657 1939 813 2004 librorum
838 1939 968 2005 Valerii
998 1939 1154 2005 Maximi.
1207 1941 1303 2006 Nihil
1325 1941 1414 2003 enim

321 2038 412 2102 aliud
428 2037 543 2117 docet,
565 2040 632 2102 nisi
654 2041 839 2123 aliquarum
860 2041 1135 2125 appellationum,
1156 2061 1218 2105 seu
1239 2041 1413 2104 nominum

321 2138 551 2205 Romanomm
565 2140 725 2206 rationes.
769 2141 859 2220 Quae
875 2143 1011 2226 quidem
1026 2143 1171 2227 epitome
1186 2142 1313 2207 axelio
1329 2141 1415 2206 anti-

321 2260 390 2323 quo
402 2250 541 2306 auctore
563 2242 707 2307 collecta
718 2252 769 2309 est
782 2264 804 2308 a
818 2244 840 2309 J
842 2245 910 2310 ulio
926 2245 1061 2325 Paride,
1076 2245 1167 2309 sicut
1180 2244 1328 2309 nonnulli
1340 2263 1417 2325 pro·

320 2339 402 2403 dunt
416 2340 575 2405 codices:
590 2343 689 2427 cnjus
703 2343 918 2426 fragmentum
934 2345 997 2409 boc
1009 2346 1173 2409 duntaxat
1187 2345 1229 2406 de
1241 2345 1415 2426 praenomi-

319 2438 416 2501 nibus
439 2448 606 2521 repertum
631 2443 769 2524 quidam
792 2444 918 2506 librarii
939 2444 1067 2522 priores
1092 2441 1232 2503 Valerio
1257 2439 1415 2502 Maximo

320 2537 557 2622 adjunxerunt,
573 2547 735 2623 tanquam
760 2541 900 2622 exejus
923 2541 1008 2604 libro
1030 2540 1258 2620 exemplorum
1281 2537 1415 2600 decimo

320 2646 548 2720 contractum
569 2642 661 2718 moti,
683 2648 722 2706 ut
744 2647 900 2724 apparet,
922 2639 1014 2722 qnod
1038 2639 1074 2702 in
1089 2638 1208 2703 eodem
1230 2638 1419 2719 fragmento·

319 2740 440 2805 citetur
454 2741 630 2822 Valerius;
651 2762 715 2806 non
731 2751 841 2808 tamen
853 2741 1053 2808 Maximus:
1066 2737 1156 2802 istud
1170 2739 1259 2802 enim
1272 2757 1338 2801 non
1354 2757 1417 2824 po-

319 2845 387 2904 test
399 2839 552 2906 affirmari
565 2862 611 2906 ex
625 2844 774 2927 simplici
786 2844 853 2908 isto
868 2841 1013 2918 nomine,
1027 2841 1115 2905 sicut
1128 2841 1162 2904 in
1174 2839 1289 2906 multis
1301 2859 1416 2906 exem·

320 2939 471 3024 pluribus
483 2944 656 3026 reperitur.
701 2943 772 3010 Sed
784 2939 968 3007 Antiadem
989 2941 1096 3018 citari,
1121 2960 1221 3006 unum
1243 2939 1417 3023 exemplar

318 3061 420 3109 manu
447 3043 609 3127 scriptum
635 3043 823 3112 doctissimi
848 3043 885 3108 J.
916 3042 1077 3107 Sambuci
1101 3040 1230 3125 liquide
1255 3037 1416 3116 declaret,

293 3157 295 3160 ’
319 3145 601 3227 quemadmodum
615 3164 678 3210 suo
692 3147 770 3211 loco
785 3145 935 3209 dicemus
957 3144 992 3208 in
1007 3143 1293 3209 annotationibus.
1335 3142 1416 3207 Jam

319 3246 518 3312 addiderunt
534 3248 635 3312 alium
660 3266 816 3324 emerem,
836 3246 895 3330 qui
913 3244 952 3312 C.
966 3245 1094 3312 'litium
1122 3243 1279 3320 Probum,
1301 3244 1416 3307 nescio

318 3365 431 3427 quern,
445 3355 483 3411 ut
496 3346 594 3430 bujus
609 3348 773 3430 epitomes
786 3354 954 3413 auctorem
966 3344 1193 3431 protulerunt3
1216 3344 1252 3408 id
1265 3343 1356 3426 qnod
1370 3364 1415 3408 ex

317 3444 416 3526 bujus
438 3445 615 3526 fragmenti
640 3447 705 3513 fine
725 3453 850 3514 manere
872 3447 1099 3530 depromsissc
1117 3444 1280 3510 ridentur.
1324 3441 1413 3506 Nam

317 3541 467 3625 idipsum
495 3546 766 3626 praefatiunculae
800 3549 1010 3616 librariorum
1038 3545 1170 3632 judicio
1194 3542 1415 3612 diversimode

318 3642 473 3710 confictae
487 3645 601 3728 palam
613 3647 743 3712 faciunt
757 3655 823 3713 tam
839 3651 915 3732 ipso
929 3651 1031 3733 stylo,
1051 3667 1151 3733 quam
1162 3645 1254 3733 quod
1268 3644 1414 3722 alterius,

320 3751 357 3812 ut
373 3765 434 3812 suo
448 3747 550 3814 modo
565 3750 756 3834 loquuntur,
779 3753 1024 3820 abbreviatoris
1046 3752 1247 3816 mentionem
1262 3745 1413 3813 afferunt.

319 3849 389 3914 Eas
403 3855 514 3916 autem
529 3851 614 3920 duas
635 3852 670 3922 iu
692 3855 810 3937 primis
825 3854 1070 3938 discrepantes,
1093 3870 1173 3917 mox
1192 3869 1269 3914 cum
1295 3849 1416 3914 eodem

319 3951 484 4032 epitomes
499 3953 682 4036 fragmento
701 3955 962 4039 subJungemus3
983 3953 1137 4038 quamvis
1162 3951 1253 4016 clare
1274 3951 1415 4034 liqueat,

318 4071 386 4118 non
400 4075 476 4122 essa
490 4047 621 4121 Valerii
637 4055 795 4134 Maximi,
808 4055 928 4139 atejus
943 4061 1057 4120 auctor
1070 4071 1171 4118 verus
1185 4051 1295 4117 adbuc
1309 4049 1345 4115 iu
1356 4051 1416 4114 ob·
1530 4108 1538 4124 ,

319 4169 421 4218 scura
434 4156 549 4222 latam
593 4155 752 4224 Attamen
767 4156 847 4241 quia
861 4159 952 4241 sapit
965 4155 1194 4238 antiquitatem
1219 4171 1287 4218 non
1305 4153 1416 4218 ineru-

320 4251 435 4330 ditum,
459 4263 494 4319 et
508 4259 710 4324 scholiorum
724 4261 800 4325 loco
813 4258 973 4324 studiosis
995 4257 1120 4322 servire
1143 4255 1267 4342 poterit
1287 4255 1330 4320 ad
1353 4255 1415 4319 lin-
