3180 5120
318 459 387 530 870
613 479 765 530 vinnan
789 479 933 528 usxrrrr
958 479 1030 530 ura.
1056 479 1109 529 rx.

318 625 420 690 naue
435 622 476 687 de
488 630 625 705 paterno
648 641 757 706 regno,
771 622 829 686 sed
842 641 919 687 oum
940 627 1015 708 ipso
1030 632 1125 708 patro
1145 625 1268 692 bellum
1290 628 1333 692 de
1346 627 1404 694 do·

319 723 499 789 minatione
520 723 639 806 gessit:
663 725 698 786 in
719 742 786 806 quo
800 725 859 808 qui
880 731 938 790 aut
955 725 1107 791 homines
1129 727 1216 792 ullos
1235 729 1405 812 adjutores

316 826 489 904 invenerit,
511 832 567 890 aut
590 825 682 889 Deos
704 825 862 891 invocare
884 845 990 892 ausus
1015 830 1071 908 sit,
1093 824 1164 913 praa
1187 829 1405 897 admiratione

311 927 465 992 'hamo.²²

355 1029 387 1092 3.
410 1026 611 1112 Quanquam
634 1029 715 1113 quid
738 1029 815 1107 hoc,
838 1027 935 1113 quusi
951 1030 1145 1095 inusitatum
1164 1030 1232 1095 illis
1247 1033 1403 1113 gentibus

314 1129 492 1195 miremur?
514 1147 590 1194 cum
605 1131 771 1196 Sariaster
779 1137 805 1178 ²³
815 1137 836 1168 ¹¹¹
856 1131 1016 1196 adversus
1031 1137 1156 1214 patrem
1172 1150 1269 1196 suum
1284 1131 1401 1214 Tigra-

314 1249 399 1310 nem,
415 1229 580 1298 Armeniae
594 1251 713 1316 regem,
727 1229 777 1303 ita
790 1251 866 1298 cum
881 1233 998 1298 amicis
1012 1234 1222 1310 consenserit,
1236 1237 1274 1298 nt
1287 1253 1402 1298 omnes

313 1331 485 1398 dexteris¹¹
505 1337 660 1400 manibus
685 1337 875 1417 sangninem
897 1337 1073 1414 mitterent,
1091 1345 1192 1419 atque
1216 1355 1292 1400 enm
1316 1335 1400 1400 invi-

313 1455 385 1502 cem
414 1434 615 1503 sorberent*
657 1435 729 1502 Vix
757 1437 914 1503 serrent²⁴
933 1457 993 1522 pro
1018 1437 1127 1504 salute
1156 1438 1304 1522 parentis
1331 1444 1400 1504 tam

312 1546 445 1604 cruenta
457 1542 705 1624 conspiratione
716 1539 827 1605 foedos
842 1539 1026 1605 facientem.

354 1642 385 1704 4.
408 1639 477 1705 Sed
500 1642 583 1727 quid
606 1659 668 1724 ego
692 1643 757 1706 ista
778 1646 967 1719 consector,
987 1645 1047 1706 aut
1066 1639 1147 1725 quid
1166 1641 1209 1706 iis
1231 1642 1401 1717 immoror,

312 1762 390 1807 cum
411 1743 509 1808 unius
535 1741 706 1828 parricidii
728 1741 928 1824 cogitatione
954 1750 1077 1807 cuncta
1099 1745 1225 1809 scelera
1245 1751 1402 1828 superata

311 1847 471 1910 cernam't
516 1843 613 1911 Omni
639 1845 738 1929 igitur
762 1845 888 1930 impetu
913 1844 1048 1922 mentis,
1074 1847 1227 1910 omnibus
1253 1847 1402 1928 indigna-

310 1947 410 2012 tionis
432 1949 572 2026 viribus,
589 1948 633 2012 ad
651 1949 687 2013 id
711 1945 926 2012 lacerandum
950 1947 1008 2031 pio
1031 1949 1138 2030 magis
1163 1966 1262 2030 quam
1288 1946 1400 2009 valido

311 2047 433 2114 affectu
458 2050 580 2133 rapior.
625 2049 712 2128 Quis
735 2051 822 2114 enim
851 2049 1009 2115 arnicltioo
1033 2047 1099 2113 fide
1125 2049 1274 2114 extincta
1299 2061 1400 2128 genus

310 2150 488 2217 humanum
510 2153 654 2218 cruentis
669 2153 705 2217 in
728 2149 871 2217 tenebris
896 2151 1039 2236 sepellre
1057 2157 1219 2227 conatum,
1233 2147 1401 2234 profundo

311 2249 435 2318 debitae
466 2255 700 2332 execrationis,
736 2255 821 2319 satis
855 2251 1048 2319 efficacibus
1078 2253 1191 2318 vorbis
1221 2249 1402 2332 adegeritt⁶

339 2437 423 2500 ’Ὀνία
440 2448 517 2496 uerbis
531 2451 592 2497 rutis
608 2449 742 2510 potentibus
758 2450 866 2499 exemru'
882 2465 928 2513 pro
943 2451 1027 2500 mutto
1044 2450 1119 2511 morit
1135 2446 1254 2508 Sonam,
1264 2447 1304 2510 qui
1314 2445 1400 2494 oblitus

254 2561 257 2568 ,
306 2508 424 2638 gurm?
436 2525 487 2560 cum
507 2511 600 2560 liberto
618 2517 753 2575 emuncta,
768 2518 865 2564 coartat
881 2519 917 2562 nt
930 2526 1006 2573 mur
1015 2513 1139 2561 reama
1149 2513 1175 2559 tr
1184 2511 1287 2561 muntia
1297 2509 1400 2560 terebrir

761 2650 790 2670 Ν
791 2649 909 2674 OOOOOO
910 2651 939 2672 Ν

304 2755 392 2800 aum
424 2752 563 2803 Torreuiur
574 2749 661 2804 malit:
679 2749 834 2804 diuiduum
850 2755 930 2800 autera
941 2747 1020 2816 filiun.
1053 2748 1105 2800 Alii
1124 2747 1200 2800 codd.
1215 2749 1314 2802 hebent
1330 2757 1358 2804 ut
1373 2751 1401 2800 io

304 2821 387 2862 textu.
420 2814 502 2864 Puulo
519 2821 578 2878 post
593 2815 711 2866 undecim
723 2813 800 2866 codd.
811 2829 870 2866 cum
878 2816 953 2878 Meg.
964 2819 992 2862 et
1003 2812 1111 2864 venete
1120 2813 1147 2863 iu
1156 2829 1200 2878 quo
1211 2816 1264 2878 quir
1273 2821 1316 2866 out
1326 2815 1400 2864 loni·

304 2891 361 2934 mr
378 2877 450 2928 Leid-
460 2884 485 2930 4.
498 2881 596 2930 omittit
606 2880 733 2944 qun-uu
747 2881 848 2930 Novem
858 2878 936 2930 codd.
946 2893 1005 2928 cnm
1015 2878 1143 2928 nonnulli·
1160 2879 1221 2928 edd.
1239 2887 1304 2930 rctt.
1322 2893 1366 2941 pro
1375 2895 1400 2930 u.

303 2939 421 3001 laturre
437 2942 499 2993 Vct.
509 2959 552 3007 aro
563 2958 587 2994 u.
596 2944 705 3002 tried:
722 2943 808 2994 Bitor.
821 2947 845 2994 l.
862 2941 947 3001 ludetr
958 2942 1019 2993 Pur.
1031 2946 1054 2993 1.
1064 2957 1110 2992 uon
1120 2943 1279 3008 definio-28
1296 2942 1398 2994 Febric.

304 3005 373 3056 Bibl.
385 3006 432 3057 Gr.
442 3019 474 3058 u.
486 3011 527 3058 ln.
537 3023 563 3072 p.
574 3012 632 3058 ddi.
641 3005 779 3071 terendum
791 3013 877 3071 porat,
885 3005 1024 3058 nmium.
1057 3005 1140 3056 Paulo
1156 3012 1216 3070 port
1231 3007 1304 3058 multi
1320 3005 1398 3056 codd.

303 3070 402 3122 udan
412 3071 545 3132 saiwats
561 3072 646 3124 Bitnr.
664 3077 688 3122 1.
705 3073 732 3121 iu
749 3077 846 3126 nurum
862 3072 1050 3122 aueum-2⁴
1065 3071 1205 3122 ‘Barthint
1224 3071 1328 3138 legebut
1348 3069 1398 3121 Vir

300 3132 394 3196 serrant
404 3137 462 3186 ulii:
479 3136 506 3188 ln
518 3137 657 3201 Exoerptir
673 3135 774 3188 Douuc.
793 3133 1005 3186 adduntnrlrucz
1023 3131 1250 3196 ‘Viuscrrnrtillt
1283 3135 1400 3188 Quidlti

304 3199 381 3250 abest
394 3200 450 3252 lime
461 3216 509 3252 ror
521 3215 536 3252 a
547 3203 701 3262 chartaceo;
714 3201 771 3262 lege
783 3199 871 3263 igitur,
885 3197 1030 3258 Vtafmen
1038 3212 1082 3264 pro
1092 3200 1186 3264 αἰναί
1196 3203 1236 3264 tro.
1270 3199 1337 3252 llaec
1347 3201 1400 3250 ille.

303 3262 347 3313 Ali
369 3272 412 3316 uot
423 3266 486 3316 Mur.
495 3279 540 3329 pro
549 3279 652 3329 cocum
665 3263 708 3314 triu
718 3263 823 3324 scireut.
856 3263 941 3314 Deest
955 3263 993 3312 itte·
1008 3262 1034 3311 iu
1051 3262 1115 3314 Mra.
1126 3265 1256 3314 minimum
1269 3265 1400 3316 deremet

303 3279 371 3378 Edd.
382 3337 442 3378 aute
454 3329 586 3392 Pighium.
619 3328 711 3380 Placet
722 3327 798 3378 valde
809 3327 956 3378 emendatio
967 3325 1101 3402 Gronorii,
1119 3327 1168 3377 Vix
1177 3327 1276 3388 furem.
1300 3330 1397 3382 Quum·

304 3391 343 3440 vir
354 3389 384 3440 ri
393 3393 439 3440 ulit
449 3393 518 3456 quod
530 3394 638 3446 Burtlrio
649 3392 677 3446 iu
685 3401 798 3446 urentem
810 3391 891 3457 veuit,
900 3392 978 3444 etium
989 3389 1112 3455 Pighiuno
1121 3391 1159 3442 illi
1169 3393 1338 3458 protulerim,
1348 3391 1396 3442 lroc

794 3531 900 3585 NO‘I'AE
931 3567 935 3578 .

336 3621 828 3690 ¹diitlriduter1NonPonticor‚popu-
869 3629 947 3680 etium
964 3627 1065 3690 oderat,
1075 3628 1169 3694 primm
1185 3626 1336 3692 uPonrpeio
1349 3627 1396 3680 de·

302 3697 322 3748 ll
334 3695 444 3748 Romuni
455 3695 551 3760 hostin
574 3699 629 3764 qui,
639 3701 828 3766 teuteJurtino,
868 3701 943 3769 ferri,
955 3705 1005 3754 ribi
1015 3705 1143 3754 recondas
1151 3719 1208 3756 cum
1220 3701 1304 3754 ferret
1318 3705 1395 3769 regri·

302 3776 429 3827 moriente
441 3781 516 3842 patre
534 3787 599 3842 puter
615 3781 686 3826 erat:
703 3776 749 3828 red
760 3775 829 3828 forte
869 3779 951 3843 nand
963 3793 1060 3830 erenum
1072 3779 1194 3832 invitatus
1205 3780 1294 3832 venire
1304 3781 1395 3844 noluit,

301 3855 470 3906 Mithridates
482 3855 540 3906 lter
551 3855 715 3908 Parthorum.
868 3857 924 3908 lunc
936 3863 1036 3909 mutum
1047 3855 1183 3922 profatur:
1203 3859 1251 3908 ‘de
1267 3857 1343 3908 iuclle
1354 3872 1396 3908 eu-

333 3941 352 3968 ¹¹
367 3933 499 3996 Sariaster]
516 3933 634 3986 Vocatur
653 3948 669 3984 u
689 3935 830 3987 Plutarcho
869 3947 927 3982 rere
942 3932 1128 4000 Pompelo,qnl
1146 3933 1195 3984 tilii
1211 3935 1275 3984 trior
1286 3933 1394 3981 honum

301 4007 425 4072 Tigranen
434 4011 524 4061 minor.
868 4009 993 4060 liaberet)
1024 4007 1395 4074 Quareeonjecturlnviorola

332 4089 344 4114 ¹²
364 4085 397 4134 Ut
413 4099 491 4136 orrum
504 4085 622 4150 dentum]
640 4083 724 4151 Hujus
739 4085 827 4150 conju·
868 4086 989 4151 Pempeli
1006 4086 1162 4152 triumphurn
1181 4098 1239 4160 eum
1250 4082 1338 4134 llberir
1351 4097 1395 4134 co·

303 4156 413 4209 rationis
425 4174 475 4210 non
488 4163 604 4212 meminit
621 4163 794 4212 Plutarchus:
813 4177 828 4211 u
867 4161 1023 4236 donatuli.

300 4238 376 4296 patre
392 4233 493 4294 quidem
505 4235 537 4284 ad
549 4237 702 4302 Pompeium
712 4235 827 4301 deieclt3
899 4235 915 4267 ⁶
932 4236 982 4287 An.
992 4237 1031 4286 Μ.
1042 4243 1117 4293 8988.
1136 4238 1179 4291 01.
1190 4243 1231 4292 78.
1243 4241 1267 4290 1.
1283 4237 1348 4290 Urb.
1361 4239 1392 4290 C.

300 4314 329 4359 ut
349 4305 481 4373 aliquanto
498 4316 558 4371 port
568 4311 646 4374 patri,
656 4313 700 4373 qui
711 4326 829 4376 present
867 4317 924 4364 687.
935 4311 998 4367 Ant.
1011 4313 1059 4365 cn.
1070 4321 1111 4368 6⁵.
