3230 5110
528 491 607 538 car.
626 491 660 540 v,
684 489 733 538 nn
757 489 950 540 aanunsrs.
1219 477 1284 541 709

195 633 280 692 trem
294 627 421 693 Idaeam
443 645 462 690 6
485 623 639 712 Phrygiis
654 628 790 692 sedibus
805 628 848 691 ad
863 633 996 692 nostras
1019 643 1095 692 aras
1117 628 1282 713 focosque

194 731 387 813 migrantem
415 730 639 794 sanctissimis
667 731 820 794 manibus
846 731 1087 813 eucepit3'qui
1109 731 1232 795 multas
1253 737 1287 794 et

194 832 368 914 pestiferas
375 832 560 896 seditiones
571 833 783 897 auctoritatis
798 851 869 896 suae
882 833 1001 896 robore
1015 833 1201 916 oppressit;
1217 851 1286 915 quo

195 934 344 1015 principe
359 940 494 998 senatus
510 953 571 1016 per
586 934 717 1016 aliquot
731 954 838 998 annos
853 934 1011 1018 gloriatus
1026 942 1098 1014 est;
1114 953 1190 997 cum
1205 933 1287 999 aedi-

194 1037 320 1100 litatem
336 1038 481 1099 curulem
503 1035 700 1100 adolescens
726 1041 865 1119 peteret,
885 1055 1086 1118 manumque
1110 1035 1286 1119 cujusdam

195 1140 322 1202 rustico
337 1156 437 1221 opere
453 1137 606 1202 duratam
628 1157 720 1202 more
736 1137 986 1203 candidatorum
1001 1138 1150 1202 tenacius
1168 1157 1287 1221 appre-

195 1237 378 1315 hendisset,
388 1238 460 1321 joci
476 1240 582 1320 gratia
594 1238 807 1321 interrogavit
820 1259 909 1315 eum,
926 1245 1025 1302 ‘num
1039 1239 1193 1302 manibus
1208 1239 1289 1303 scli-

196 1347 253 1404 tus
268 1346 363 1404 esset
377 1339 569 1405 ambulare!
614 1339 715 1419 Quod
736 1341 864 1406 dictum
879 1360 902 1405 a
916 1341 1206 1406 circumstantibus
1228 1359 1288 1403 ex·

197 1448 345 1524 ceptum,
357 1441 400 1506 ad
414 1442 577 1526 populum
587 1443 745 1518 manavit,
760 1461 964 1526 causamque
978 1442 1119 1525 repulsae
1134 1443 1289 1526 Scipioni

200 1545 326 1609 attulit.
371 1543 497 1609 Omnes
512 1563 655 1628 namque
673 1547 807 1610 rusticae
824 1547 952 1609 161666ο
967 1552 1199 1630 paupertatem
1222 1548 1289 1611 sihi

199 1647 243 1710 ah
258 1666 300 1710 eo
315 1648 552 1729 exprobratam
563 1646 770 1730 judicantes,
789 1648 872 1711 iram
888 1665 982 1712 suam
997 1648 1155 1712 adversus
1170 1654 1289 1712 contu·

198 1748 372 1811 melissam
400 1747 474 1830 ejus
503 1748 719 1812 urbanitatem
746 1748 1003 1813 destrinxerunt.
1049 1749 1152 1833 Igitur
1168 1749 1288 1811 civitas

199 1853 323 1922 nostra,
338 1848 499 1912 nobilium
510 1847 670 1932 juvenum
685 1849 819 1932 ingenia
837 1852 879 1914 ah
893 1851 1073 1914 insolentia
1087 1849 1288 1923 revocando,
1398 1873 1405 1880 ·

199 1968 339 2031 magnos
353 1950 499 2013 etutiles
520 1951 611 2015 cives
635 1951 735 2034 fecit3
758 1953 1019 2036 honoribusque,
1043 1969 1112 2015 non
1128 1949 1288 2034 patiendo

201 2070 259 2114 eos
273 2070 293 2114 a
308 2053 433 2116 securis
447 2053 557 2134 peti,¹⁰
579 2053 727 2117 debitum
743 2055 956 2118 auctoritatis
972 2054 1104 2137 pondus
1120 2052 1266 2133 adjecits

239 2151 272 2215 3.
294 2153 418 2217 Nullus
430 2172 517 2216 error
532 2154 608 2218 talis
623 2155 658 2216 in
675 2153 712 2216 L.
723 2154 862 2218 AEnrilio
876 2150 985 2219 Paulo
1001 2160 1203 2234 conspectus
1219 2157 1289 2215 est:

202 2252 262 2316 sed
291 2259 401 2318 tamen
425 2256 603 2337 aliquoties
633 2253 775 2320 frustra‘
793 2256 1002 2321 consulatum
1026 2255 1135 2337 petiit.
1180 2251 1292 2318 Idom-

202 2372 278 2434 que,
294 2372 372 2419 cum
380 2357 452 2440 jam
467 2375 623 2438 campum
634 2357 779 2440 repulsis
794 2357 866 2422 suis
881 2356 1067 2437 fatigasset,
1082 2355 1136 2417 his
1151 2355 1293 2417 consul*

202 2463 235 2518 et
250 2474 368 2520 censor
382 2455 503 2534 iactae,
518 2457 761 2540 amplissimum
776 2457 943 2540 dignitatis
959 2457 1096 2538 gradum
1111 2455 1292 2520 obtinuit.¹¹

197 2553 306 2642 cujus
321 2559 475 2623 virtutem
490 2557 619 2644 injuriae
635 2578 700 2625 non
713 2553 886 2644 fregerunt,
908 2558 969 2624 sed
984 2563 1153 2623 acuerunt.
1199 2556 1292 2634 Quo-

660 2753 840 2774 nonnemo

204 2883 235 2928 16
251 2878 294 2928 Sic
316 2877 464 2926 emendarit
483 2876 602 2938 Pighius,
623 2881 691 2940 qnod
702 2884 855 2933 confirmant
867 2885 960 2947 scripti
970 2883 1026 2932 fere
1037 2899 1135 2943 omnes,
1150 2891 1177 2933 ct
1186 2885 1253 2932 ven.
1264 2899 1295 2932 ac

204 2942 313 2992 Medici.
337 2941 382 2990 sed
399 2942 472 2990 Laid.
482 2942 564 3004 quint.
579 2943 690 2989 auratis
697 2945 764 3004 peti:
780 2946 803 2992 A
815 2949 903 2993 6666616
914 2948 1021 3008 exponit
1033 2949 1175 3008 oliverius,
1192 2947 1297 2995 ‘aridi-

204 3007 268 3057 cnlis
280 3006 423 3054 horninibus
432 3003 448 3052 τ’
469 3003 515 3052 sed
527 3004 686 3068 Theophilus
698 3005 770 3054 addit
782 3007 879 3069 aliquot
888 3009 1046 3067 exemplaris
1064 3011 1168 3068 habere,
1178 3025 1192 3056 6
1203 3012 1298 3058 secaris.

203 3075 267 3120 -11
285 3071 328 3121 lta
346 3071 421 3134 Pigh.
430 3083 462 3118 ex
472 3068 576 3118 Winck.
588 3076 616 3118 et
629 3070 725 3120 (lauch.
742 3069 785 3135 qni
797 3083 870 3135 aeque
881 3068 1003 3132 probarit
1014 3069 1075 3118 lect.
1087 3071 1187 3118 codicis
1205 3072 1297 3120 Calon.

203 3135 240 3184 his
254 3151 275 3183 e.
284 3151 305 3185 6.
316 3150 338 3184 c.
342 3134 367 3192 s.
378 3139 429 3192 661,Ι
444 3135 590 3196 memque
607 3133 736 3194 dignitatis
754 3135 923 3184 6611661666
942 3132 1059 3181 6111666166
1076 3133 1136 3182 edd.
1156 3138 1222 3182 vett.
1239 3149 1297 3184 cum

205 3199 270 3261 Cep.
289 3198 383 3260 Ultraj.
394 3202 418 3249 1.
428 3201 453 3246 2.
466 3197 537 3246 Med.
550 3199 688 3249 6611661.
701 3199 779 3250 Bsrh.
791 3151 847 3248 leit.
859 3197 969 3248 etheid.
987 3205 1108 3261 quatuor,
1134 3197 1170 3246 his
1180 3199 1260 3247 666661
1274 3208 1299 3248 et

204 3263 380 3322 amsuchan
395 3267 440 3325 est,
459 3261 628 3326 amplissimam
642 3264 714 3314 etiam
729 3263 857 3326 dignitatis
871 3265 974 3325 ndum
988 3261 1098 3312 obtinuit.
1133 3261 1206 3311 Leid.
1217 3261 1299 3327 quint.

698 3422 808 3475 NOTAE

206 3565 273 3602 sune
283 3549 362 3602 Urbis
372 3555 430 3601 666.
442 3551 579 3602 06666166
591 3555 649 3602 666.
659 3551 735 3602 Sera-
773 3555 952 3620 ingenuorum.

205 3627 250 3690 pio
259 3631 316 3677 616.
327 3635 355 3676 et
366 3629 543 3691 6666166612.
576 3625 632 3675 Virl
644 3627 735 3690 optimi
806 3637 818 3682 t
829 3629 880 3679 An.
891 3629 930 3679 Μ.
939 3631 1013 3678 6966.
1032 3627 1075 3680 Ol.
1087 3632 1143 3678 166.
1154 3632 1178 3678 t.
1197 3629 1260 3678 Urh.
1271 3631 1300 3681 0.

206 3703 274 3751 lilius
286 3701 422 3751 06666166
438 3699 497 3762 fuit,
513 3701 622 3766 Serapio
638 3715 736 3766 nepos,
772 3709 829 3755 667.
845 3705 1033 3756 6166016116.

206 3778 284 3842 isqui
303 3777 439 3841 iugurthae
459 3777 555 3828 bellurn
571 3777 672 3842 indixit,
690 3777 733 3827 ah·
808 3779 957 3843 ‘Aliquotirs
967 3777 1075 3840 frustra]
1101 3777 1187 3828 Aliter
1198 3778 1302 3826 Plutar·

207 3868 298 3919 nepos.
322 3853 363 3904 De
374 3855 514 3918 Serapione
526 3853 566 3904 hic
577 3856 735 3918 potissimum
776 3855 834 3920 cho,
852 3857 926 3906 aliter
937 3856 1045 3905 ductori
1060 3854 1093 3902 de
1109 3854 1179 3902 Viris
1192 3853 1302 3902 illustri·

208 3930 305 3994 agitur,
323 3929 366 3993 qnl
386 3929 420 3978 oh
434 3930 553 3994 joculare
572 3933 677 3980 rerhnru
696 3943 735 3980 re·
777 3928 1304 3996 6666166616111666616616666606666·

209 4008 307 4068 pulsam
328 4019 417 4069 passos
440 4011 487 4055 est.
525 4004 568 4055 Ad
589 4007 664 4070 hojns
685 4005 736 4056 1661
777 4005 1303 4071 16166616166666,6666666166666666666

209 4081 713 4146 1616111366116661666616166661166616.
776 4083 903 4134 affirmat:
927 4082 978 4131 utri
996 4080 1117 4131 assentiri
1143 4081 1226 4146 malis,
1247 4083 1304 4146 ipse

242 4162 253 4186 ⁸
267 4155 370 4206 16666166
379 4156 468 4221 tribas]
484 4159 566 4208 lirant
577 4160 645 4209 enim
655 4159 737 4209 tribus
777 4159 883 4210 sideris.

211 4229 324 4292 urbana,
342 4247 399 4294 qne
411 4233 522 4294 civium
539 4242 567 4284 et
578 4235 739 4298 suburbana,
811 4235 882 4284 sBis
901 4231 999 4298 Cessat]
1025 4231 1058 4282 ln
1070 4231 1152 4297 primo
1163 4233 1305 4283 Consulatu

212 4321 271 4371 quse
291 4303 482 4370 libertinorum,
498 4315 525 4358 et
547 4312 660 4374 rustica,
681 4325 738 4374 qna
780 4310 898 4374 Ligures,
911 4310 937 4358 in
948 4307 1061 4358 secundo
1071 4309 1168 4358 Persen
1180 4309 1250 4357 vicit.
