3230 5092
340 403 408 468 770
637 414 793 462 vinnan
819 413 964 481 unxrur
991 414 1159 462 nravrrr.

343 564 559 626 livisceretur.
604 560 670 622 Sed
686 579 763 622 eum
773 567 799 608 ³⁹
823 558 975 634 Melissa,
991 576 1092 639 qnam
1107 558 1225 622 uxoris
1245 558 1321 622 loeo
1336 558 1437 622 habe·

343 665 411 738 bat,
433 666 612 743 temperato
638 660 724 722 inter
748 658 860 721 studia
883 676 948 721 non
973 658 1216 740 interpellandi,
1232 660 1291 724 sed
1316 659 1437 724 inediae

344 763 566 837 succurrendi,
581 760 704 836 officio,
719 760 891 823 dexteram
913 776 1009 820 suam
1027 760 1226 823 necessariis
1246 762 1361 825 usibus
1376 780 1438 843 ap·

344 865 447 928 tabat.
492 860 579 944 Ergo
604 861 714 925 animo
739 859 967 925 tantummodo
995 859 1066 923 vita
1088 859 1274 940 fruebatur;
1298 881 1437 946 corpore

343 983 421 1029 vero
444 964 539 1046 quasi
555 963 665 1027 alieno
687 967 719 1024 et
740 980 947 1043 supervacuo
970 961 1194 1026 circumdatus
1220 969 1298 1026 erat
1344 963 1437 1026 Idem

344 1086 418 1130 cum
445 1065 652 1148 Chrysippo·
673 1063 919 1145 disputaturus,
942 1058 1132 1125 helleborof
1150 1082 1186 1126 se
1212 1069 1291 1126 ante
1317 1083 1438 1147 purga-

344 1169 413 1244 bat,
428 1166 471 1230 ad
484 1165 731 1250 exprimendum
748 1166 914 1246 ingenium
928 1183 1024 1226 suum
1040 1165 1208 1241 attentius,
1224 1173 1259 1231 et
1280 1165 1372 1228 illius
1386 1185 1438 1229 re-

345 1269 523 1332 fellendum
546 1264 687 1331 acriusss
707 1286 793 1350 ques
814 1268 968 1348 potiones
995 1265 1156 1330 industria
1182 1266 1301 1331 solida
1325 1266 1437 1331 laudis

346 1370 478 1453 cupidis
492 1368 628 1432 efficit⁴⁰
652 1368 894 1450 appetendas.t

385 1473 417 1534 6.
441 1468 543 1548 Quali
559 1489 659 1552 porro
676 1469 790 1533 studio
802 1468 1061 1549 Anaxagoram⁸
1073 1469 1231 1550 flagrasse
1245 1468 1437 1544 credimusl

346 1573 405 1655 qui
421 1590 497 1635 enm
511 1590 531 1633 e
546 1570 675 1633 diutina
688 1569 952 1652 peregrinatione
960 1576 985 1616 4¹
1001 1569 1145 1651 patriam
1156 1571 1347 1652 repetisset,
1361 1589 1440 1653 pos-

347 1673 586 1754 sessionesque
598 1671 748 1734 desertas
762 1672 916 1749 vidisset,
928 1675 939 1705 ‘
953 1669 1032 1734 Nou
1045 1671 1179 1748 essem,'
1194 1672 1313 1754 inquit,
1327 1676 1336 1706 ‘
1348 1677 1438 1752 ego⁴²

348 1775 474 1850 salvus,
497 1774 564 1834 nisi
587 1775 664 1836 istae
693 1772 888 1855 periissent!
933 1771 1060 1836 Vocem
1069 1780 1095 1820 4³
1122 1774 1237 1856 petitae
1262 1775 1438 1857 sapientiae

348 1873 563 1957 compotem!
607 1873 709 1950 Nam,
722 1874 751 1936 si
767 1873 968 1956 praediorum
982 1875 1109 1956 potine,
1124 1891 1226 1957 quam
1237 1873 1356 1954 ingenii
1370 1875 1439 1938 cul-

347 1987 430 2040 turae
445 1982 611 2050 vacasset,
625 1975 781 2038 dominus
794 1976 840 2038 rei
855 1975 1031 2038 familiaris
1047 1976 1134 2037 intra
1149 1978 1287 2056 penates
1299 1975 1440 2037 mansis-

348 2085 412 2154 set,
424 2095 489 2139 non
504 2081 614 2139 tantus
621 2082 651 2122 4*
674 2073 898 2158 Anaxagoras
913 2075 955 2139 ad
971 2095 1031 2140 eos
1046 2075 1224 2140 rediissett

374 2265 386 2306 θ’
400 2267 433 2313 tu
443 2272 540 2314 mentera
551 2282 615 2317 uum
626 2270 775 2318 attentiorem
786 2269 902 2328 redderet,
912 2272 936 2315 et
947 2267 1051 2315 retiam
1061 2265 1189 2328 Chrysippi
1195 2262 1295 2324 facilius
1304 2262 1430 2322 ref'utaret.

378 2327 390 2358 ¹
407 2328 489 2376 Vocem
498 2332 620 2393 sapientire
631 2333 659 2380 ab
669 2349 694 2382 eo
705 2333 827 2396 acquisita
838 2333 938 2394 pieriam.

348 2535 433 2585 Bitur.
446 2535 523 2585 Baris.
537 2542 564 2585 et
575 2536 664 2585 Leidd.
675 2542 699 2584 l.
709 2541 734 2585 6.
746 2537 823 2601 paolo
836 2542 903 2600 post,
914 2537 1081 2592 dexterrimus
1100 2533 1168 2582 uude
1179 2533 1288 2582 Torren.
1300 2533 1369 2596 conj.
1378 2547 1439 2594 eom,

347 2615 383 2648 sc.
396 2614 496 2648 inanum
509 2600 661 2648 Carneadis:
680 2601 799 2663 Kappius
818 2613 889 2658 vero,
905 2599 951 2647 Sed
970 2600 1041 2647 enim.
1076 2599 1179 2646 Deinde
1200 2597 1261 2647 edd.
1281 2604 1342 2647 ante
1361 2596 1438 2659 rign.

345 2665 408 2712 inter
418 2664 601 2721 stolidissimos
620 2664 740 2713 Perizon.
756 2664 829 2712 malit
846 2664 931 2728 officio,
948 2670 977 2711 ut
995 2667 1123 2723 temperato
1143 2661 1260 2710 absolute
1280 2663 1314 2710 sit
1334 2662 1440 2709 dictum.

346 2727 418 2788 Mog.
434 2729 483 2775 suis
499 2728 635 2777 ncceunriis
652 2728 804 2776 usibus-to
821 2726 890 2774 Ante
911 2726 988 2786 Pigh.
1009 2725 1144 2788 legebatur
1160 2725 1250 2837 gffecih
1266 2725 1333 2788 qnod
1355 2732 1395 2772 est
1414 2725 1439 2771 in

346 2790 459 2852 utrinqne
472 2791 547 2840 codd.
558 2793 665 2841 l'orren.
681 2794 706 2840 in
720 2791 846 2840 nonnuliis
857 2791 932 2838 laudis
943 2790 1087 2854 efficit-tl
1106 2791 1157 2840 Qui
1179 2804 1219 2838 ans
1231 2788 1307 2838 codd.
1316 2794 1369 2852 post
1379 2788 1441 2836 dioi-

346 2868 401 2900 scm
411 2857 632 2916 peregrinationem,
650 2871 682 2903 cx
693 2857 944 2917 interpretamento;
962 2853 1055 2918 reliqui
1067 2867 1124 2902 cum
1141 2854 1212 2916 Mog.
1233 2852 1321 2901 delent
1340 2865 1441 2915 praepo·

346 2917 465 2965 altionem
476 2924 563 2967 e.-42
582 2921 641 2968 Par.
653 2923 676 2967 8.
688 2928 714 2968 et
727 2919 820 2980 Copes.
833 2918 921 2966 delent
933 2933 994 2979 ego,·
1011 2925 1037 2966 et
1056 2919 1092 2965 sic
1112 2917 1207 2980 Ultrsj.
1226 2920 1250 2966 1.
1269 2917 1312 2979 qni
1327 2929 1375 2979 pro
1386 2916 1440 2963 ide

344 2981 422 3030 habet
435 2982 490 3030 istn.
524 2983 621 3032 Omnes
633 2983 687 3032 fero
698 2985 820 3046 perissent,
838 2989 866 3030 ut
878 2982 993 3030 nonnulli
1013 2981 1038 3028 in
1056 2979 1105 3029 fine
1122 2983 1310 3029 redimente-tt
1329 2979 1441 3027 Oeacens

346 3055 456 3108 qiratnor
473 3046 547 3094 codd.
569 3048 735 3095 torrem-tt
754 3047 848 3102 Vulso,
864 3061 905 3093 irre
926 3050 1022 3100 tostus,-
1039 3046 1083 3093 scd
1101 3045 1221 3093 Perizon.
1240 3047 1301 3092 lect.
1322 3049 1439 3092 nostram

348 3109 420 3158 dedit
439 3125 454 3158 e
474 3113 567 3174 Copes.
602 3111 750 3172 ‘Rosci-ipsi
770 3109 837 3174 qrrod
855 3108 984 3172 probabat
1005 3109 1044 3156 Cl.
1064 3108 1227 3169 Perizonius,
1248 3116 1275 3156 et
1295 3107 1439 3156 clanculum

347 3183 438 3221 contra
458 3175 522 3221 ltlss,
541 3182 686 3222 nostrorum
706 3182 734 3222 et
753 3174 812 3220 olim
832 3173 900 3234 typis
924 3185 1103 3233 expressorum
1125 3174 1308 3222 auctoritatem
1329 3177 1442 3220 mutarat

346 3236 460 3298 Pighius.
480 3237 576 3298 Ultraj.
587 3239 659 3299 prim.
669 3238 699 3284 ad
711 3237 868 3285 succedisset.
887 3236 1008 3285 Ceterum
1018 3235 1168 3310 Bprnesius,
1176 3237 1258 3284 citans
1268 3235 1334 3284 huuc
1345 3235 1439 3296 locum,

348 3301 461 3358 extrilret,
477 3300 570 3346 Nomai
581 3301 721 3360 prediorum
731 3301 819 3362 potius,
830 3302 870 3361 ἅμ.
890 3308 917 3347 et
930 3300 955 3346 in
968 3313 1082 3360 margine
1094 3306 1177 3360 notat,
1195 3314 1222 3348 se
1234 3300 1271 3348 ita
1283 3301 1380 3362 legere,
1389 3313 1440 3347 non

343 3363 517 3423 prandiorum,
533 3363 601 3424 quod
622 3364 686 3411 male
705 3365 830 3412 hactenus
849 3363 970 3412 obtinuit.
1004 3363 1041 3412 Ut
1059 3363 1222 3414 Britannicas
1246 3363 1369 3428 quasdam
1387 3362 1439 3411 edi·

842 3491 948 3542 NOTAE

378 3600 548 3665 eChrysippo]
568 3603 628 3651 Non
641 3617 698 3653 curn
717 3604 871 3669 Chrysippo,
912 3601 1058 3666 Chrysippo
1073 3603 1203 3654 tribuitur.
1236 3601 1438 3654 Helleboridnae

346 3665 391 3726 sed
404 3692 462 3726 curn
480 3678 584 3727 Zenone
596 3679 742 3742 disputasse
759 3681 871 3730 Carnes·
912 3687 973 3728 sunt
995 3680 1105 3742 speeies,
1122 3679 1237 3729 'candidi
1259 3687 1286 3730 et
1307 3679 1384 3743 nigri,
1406 3693 1439 3728 ex

346 3752 403 3801 dem
424 3753 542 3816 perhibet
567 3754 666 3802 Plinius
693 3763 719 3804 et
744 3755 870 3804 Laertius.
913 3754 998 3804 Plinio
1009 3755 1054 3805 lib.
1064 3761 1215 3807 xxv.c.rs.
1228 3754 1441 3820 candidumproe-

345 3829 503 3894 Chrysippus
512 3828 802 3893 Asiannstilosopbns
813 3827 871 3891 fuit,
912 3831 1101 3896 stantissimum,
1111 3832 1179 3896 quod
1199 3833 1225 3880 in
1237 3831 1364 3894 Anticyra
1382 3845 1439 3880 nas·

344 3905 581 3966 patria'l'nrseusis,
600 3905 716 3955 Cleanthi
734 3906 759 3954 in
778 3905 872 3955 Schola
911 3909 986 3957 citur.

344 3979 491 4029 Stoicorum
507 3997 647 4032 successor.
943 3991 954 4036 i
974 3982 1023 4032 Au.
1032 3985 1070 4032 M.
1084 3987 1157 4033 ³870.
1169 3984 1212 4032 Ol.
1226 3987 1280 4032 tta.
1294 3986 1317 4030 l.
1327 3980 1394 4030 Urb.
1406 3983 1437 4033 C.

377 4050 388 4081 s
403 4053 537 4118 Helleboro]
564 4058 623 4106 Non
640 4059 808 4116 helleborum,
826 4056 870 4103 sed
910 4062 968 4106 otili.
982 4058 1044 4108 Aut.
1056 4061 1102 4110 cn.
1114 4065 1170 4109 188.

345 4133 446 4174 acetum
465 4129 612 4180 adhibuisse
631 4134 707 4182 docet
729 4133 827 4180 l'arro:
845 4132 870 4178 id
943 4135 1151 4199 triumfum]
1174 4135 1363 4184 Clazomenium
1375 4134 1437 4184 Plri-

346 4209 431 4250 tansen
449 4202 483 4250 ab
503 4204 560 4252 aliis
576 4207 741 4269 Pythagorae,
757 4205 790 4253 ab
813 4207 868 4255 aliis
910 4208 1053 4273 losopbnru,
1062 4212 1136 4275 cujus
1140 4212 1194 4274 jam
1206 4211 1372 4260 uteminimus.
