3230 5110
358 382 437 430 cae.
455 382 509 430 ιιι.
536 384 583 431 or
608 383 731 432 varan
755 384 880 432 oreris
903 386 980 434 aur
1005 387 1145 436 racrrs.
1230 375 1294 440 (tos

207 544 397 592 succursum
418 530 479 603 est,
498 545 575 608 quae
595 528 772 609 pecuniam
794 528 942 610 depositi
966 531 1097 592 nomine
1118 549 1139 594 a
1161 531 1292 598 duobus

206 628 392 711 hospitibus
406 633 592 710 acceperat,
608 647 650 692 ca
663 627 851 693 conditione
864 633 901 692 nt
913 630 1003 692 illam
1025 631 1125 695 simul
1141 633 1292 717 utrisque

205 728 365 794 redderet
410 727 561 807 Quorum
573 729 668 806 alter,
680 729 854 813 interjecto
868 737 1028 812 tempore,
1037 737 1196 815 tanquam
1206 753 1292 798 mor-

204 837 262 896 tuo
274 830 367 895 socio
382 831 539 915 squalore
553 833 693 908 obsitus,
708 833 860 914 deceptae
872 830 899 878 ⁶⁵
923 852 1037 897 omnes
1051 852 1201 898 nummos
1214 837 1291 899 ahs-

202 931 286 995 tulit.
330 932 530 1016 Supervenit
548 933 667 998 deindo
683 933 775 1011 alter,
790 941 824 996 et
839 934 1028 1018 depositum
1048 941 1159 1016 petere
1174 937 1289 1018 coepit.

203 1032 367 1098 Haerebat
389 1037 511 1102 misera
525 1036 560 1100 in
573 1034 758 1100 ιιιιιιιιιιιιι66
771 1025 897 1119 'pariter
918 1044 952 1101 et
966 1038 1115 1120 pecuniae
1130 1042 1162 1100 et
1177 1037 1290 1102 delen-

202 1136 304 1200 sionis
329 1138 474 1219 penum,
489 1137 625 1220 jamque
649 1139 689 1200 de
708 1139 832 1220 laqueo
853 1143 886 1200 et
904 1137 1082 1220 suspendio
1108 1139 1289 1219 cogitabat.

201 1237 270 1302 Sed
290 1246 477 1323 opportune
496 1239 739 1303 Demosthenes
756 1241 787 1302 ei
809 1244 964 1321 patronus
987 1238 1157 1304 affulsit:⁶⁷
1179 1242 1236 1324 qui
1252 1247 1289 1305 ut
1311 1258 1315 1268 ·

200 1341 235 1403 in
246 1341 496 1406 aduocationem
508 1341 612 1417 venit,
630 1345 641 1374 ‘
654 1340 797 1418 Mulier,'
807 1342 926 1423 inquit,
937 1345 947 1374 ‘
960 1348 1076 1425 parata
1084 1347 1134 1405 est
1145 1341 1286 1426 depositi

200 1461 238 1506 se
253 1442 320 1507 fide
335 1444 464 1509 solvere
474 1441 513 1508 :⁶⁸
535 1443 597 1507 sed
611 1443 677 1506 uisi
691 1444 819 1507 socium
836 1443 1030 1520 adduxeris,
1045 1443 1080 1507 id
1094 1442 1204 1507 lacere
1219 1463 1287 1509 nou

198 1551 325 1626 potest.
369 1542 550 1622 Quoniam,
574 1553 613 1609 ut
634 1545 707 1628 ipse
722 1546 924 1623 vociferaris,
939 1545 1011 1609 haec
1034 1545 1126 1610 dicta
1141 1551 1196 1608 est
1218 1547 1285 1622 lex,

198 1664 240 1708 ne
250 1646 393 1728 pecunia
407 1646 503 1710 alteri
516 1647 589 1711 sine
604 1647 707 1713 altero
721 1647 923 1712 numeretur!
932 1645 959 1696 ⁶⁹
970 1669 985 1697 ·

241 1746 273 1811 6.
295 1745 349 1810 Ac
377 1767 419 1812 ne
441 1747 523 1812 illud
550 1767 665 1832 parum
694 1749 869 1832 quidom⁷⁰
900 1748 1084 1830 prudenter.
1138 1745 1285 1825 Quidam

197 1847 338 1913 Athenis
359 1849 515 1914 universo
538 1853 662 1935 populo
684 1853 824 1927 invisus,
840 1869 977 1914 causam
991 1847 1081 1931 apud
1097 1866 1174 1912 eum
1190 1849 1283 1933 capi·
1363 1873 1365 1880 ·

196 1950 254 2013 tali
268 1949 403 2015 crimine
417 1950 577 2029 dicturus,
595 1954 776 2016 maximum
790 1952 944 2016 honorem
961 1951 1071 2015 subito
1085 1956 1197 2032 petere
1213 1971 1282 2014 coe-

195 2051 264 2134 pit:
286 2072 351 2116 non
366 2054 458 2136 quod
473 2062 619 2138 speraret
634 2075 671 2119 se
692 2056 786 2119 illum
800 2055 957 2136 consequi
972 2072 1086 2136 posse,
1101 2051 1158 2113 sed
1173 2058 1208 2114 nt
1221 2051 1281 2114 ha-

195 2151 311 2216 berent
323 2152 484 2231 homines,
498 2156 556 2218 uhi
578 2175 772 2238 procursum
792 2157 863 2232 irae,
877 2155 936 2237 qui
951 2153 1127 2216 acerrimus
1141 2170 1214 2216 esse
1228 2171 1281 2215 so·

195 2254 255 2330 let,
277 2253 496 2319 effunderent!
537 2258 660 2340 Neque
682 2277 756 2318 eum
779 2257 939 2320 hacetum
963 2252 1086 2319 callida
1097 2261 1120 2301 ⁷¹
1145 2253 1279 2317 consilii

193 2356 279 2418 ratio
299 2355 437 2422 fefellit:
459 2357 601 2422 comitiis
610 2365 638 2410 ⁷²
659 2359 746 2424 enirn
771 2358 912 2422 clamore
935 2357 1067 2434 infesto,
1093 2361 1126 2419 ot
1152 2356 1278 2419 crebris

222 2535 234 2576 t
247 2535 293 2585 Udi
303 2536 449 2602 cffitudereat
457 2541 558 2604 primam
566 2543 611 2593 ire
621 2544 741 2607 impacta,
749 2545 790 2608 qui
800 2545 859 2595 rotet
870 2557 918 2593 erre
928 2542 1052 2592 mumma.

645 2681 807 2703 m

192 2766 271 2816 Aldd.
284 2764 474 2828 CollaGryph.
485 2767 574 2840 dteph.
593 2773 701 2839 Herhip.
719 2788 746 2828 et
758 2781 845 2830 Chele.
862 2795 920 2829 curn
941 2793 992 2827 nno
1010 2775 1105 2826 Brund.
1121 2774 1233 2838 ‘deceptu
1248 2787 1277 2822 eu

192 2833 259 2881 alter
270 2828 369 2878 Brund.
379 2829 447 2879 Ultr.
462 2844 534 2905 parim:
546 2840 574 2881 et
585 2835 627 2881 ed·
637 2839 698 2885 Ver.
731 2841 818 2902 Atque
836 2845 873 2890 rio
891 2843 973 2890 edidit
986 2842 1099 2902 Pighius,
1116 2839 1184 2888 haud
1199 2837 1277 2886 dubie

191 2910 224 2946 ex
233 2895 296 2944 Μιι.
327 2907 451 2955 aramque
462 2892 556 2954 abfuit,
573 2895 633 2959 quin
645 2903 805 2950 revocarem:
821 2903 967 2962 Kapp-so
983 2904 1077 2964 Ultraj.
1089 2909 1114 2951 2.
1131 2907 1154 2950 et
1164 2903 1190 2950 ta
1200 2901 1278 2949 muri·

187 2975 237 3009 mo.
256 2909 327 3033 heis.
347 2963 372 3006 ⁶.
390 2957 460 3006 delet
478 2960 643 3020 purtem-er
659 2962 719 3012 ‘lta
737 2977 795 3012 corn
817 2964 902 3010 multis
920 2964 984 3032 Mag.
1002 2966 1078 3010 trahet
1095 2978 1196 3025 quoqne
1215 2964 1276 3010 Ver.

189 3023 256 3073 Alite
267 3022 344 3072 editt.
357 3036 415 3070 curn
427 3031 528 3085 reptem
541 3025 602 3075 liat.
614 3025 694 3090 offuit.
717 3028 791 3077 Licet
803 3040 864 3075 vero
876 3033 978 3089 patroni
990 3025 1093 3085 proprie
1104 3025 1169 3070 rels‘
1179 3023 1276 3071 ederae'

190 3088 319 3148 dicautur,
342 3085 436 3150 offulsit
447 3094 532 3138 tarneu
543 3089 665 3140 'l'orrenio
685 3093 765 3154 magis
784 3093 880 3154 placet,
897 3087 1015 3154 quoniam
1033 3086 1145 3134 suhitam
1163 3091 1191 3134 et
1207 3084 1279 3134 iner-

190 3157 324 3215 pectatrrm
346 3149 401 3210 ejus
417 3151 539 3201 auxilium
561 3157 706 3218 expressior
727 3157 860 3206 declarare
880 3154 988 3202 ridetur.
1023 3149 1090 3199 Vide
1110 3147 1276 3199 intrarind.

191 3221 245 3264 ext·
258 3218 281 3262 l.
298 3211 392 3276 offulsit
410 3228 458 3278 ego
478 3231 581 3281 quoque
601 3223 769 3294 praetoterim,
792 3221 849 3285 quia
869 3217 996 3268 difficilior
1017 3217 1094 3266 tectio
1114 3213 1174 3264 aar!
1195 3215 1277 3278 Kupp.

189 3280 273 3328 Bitur.
285 3281 307 3326 l.
320 3278 391 3326 Leid.
403 3283 426 3329 1.
437 3279 510 3330 Harl.
521 3282 617 3346 Ultrsj.
629 3288 652 3334 2.
665 3286 743 3335 Barh.
756 3290 777 3334 t.
795 3292 822 3334 et
834 3285 925 3347 copes.
937 3297 993 3332 com
1006 3281 1065 3331 edd.
1077 3287 1141 3330 vett.
1152 3278 1275 3339 adsuit.-

188 3347 221 3392 68
237 3343 279 3392 lta
290 3356 322 3390 ex
333 3341 409 3392 codd.
420 3344 534 3394 renituit
546 3347 659 3409 Pighius,
671 3363 718 3399 uec
729 3349 806 3399 aliter
816 3364 880 3397 nunc
890 3346 985 3396 Brund.
998 3346 1114 3410 plerique
1125 3344 1200 3394 codd.
1211 3343 1276 3392 'l'or-

188 3421 242 3457 ren.
254 3413 282 3455 et
292 3406 353 3456 Vet.
371 3407 472 3469 depositi
480 3424 506 3458 re
513 3410 589 3474 fldem
598 3413 686 3462 ulcere
696 3421 804 3478 quatuor
822 3414 865 3462 ulii
883 3413 990 3462 Torreu.
1007 3425 1065 3460 curu
1083 3411 1165 3458 altero
1179 3407 1274 3458 Brund.

187 3470 287 3535 depositi
295 3470 372 3534 fidem
389 3471 477 3521 rotome
496 3473 522 3521 in
541 3476 596 3524 ultio
616 3477 691 3526 codd.
710 3487 738 3526 et
756 3477 815 3527 edd.
835 3480 964 3526 vett—69
981 3475 1051 3524 Octo
1070 3473 1145 3524 codd.
1163 3475 1273 3523 Torrerr.

187 3539 364 3588 nemetum
381 3549 446 3584 ιιιιιιι
457 3537 580 3599 ejusdem,
595 3545 841 3592 mammonin—itt
856 3544 890 3591 Ar
901 3555 930 3590 rte
944 3541 1002 3590 iliud
1016 3540 1110 3604 quidem
1123 3551 1207 3601 porum
1226 3537 1272 3585 all·

187 3597 335 3662 qootcodd.
351 3599 466 3678 Temen..
491 3602 594 3680 Modius
614 3619 647 3681 ex
665 3605 754 3655 codice
773 3606 912 3670 Bamherg.
933 3604 1014 3682 legit:
1031 3603 1113 3680 delae
1127 3603 1167 3650 itte
1180 3601 1273 3674 quidm

184 3663 466 3777 tuum
476 3667 785 3794 mutat
794 3665 1274 3784 rar-trartttatrasrr

188 3789 373 3866 admittenda.
388 3743 494 3868 hloxf'i
513 3795 568 3844 hina
579 3796 608 3846 de
618 3798 723 3860 capituti,
740 3805 831 3847 contra
842 3798 974 3861 plerosque
986 3793 1060 3846 codd.
1080 3800 1108 3842 et
1126 3791 1186 3842 edd.
1206 3796 1270 3838 vett.

186 3855 295 3918 capitatis
305 3867 410 3901 cnmruu
421 3855 484 3906 Lerd
505 3893 512 3907 .
524 3863 548 3908 8.
556 3863 642 3910 t.—tl
661 3861 704 3910 Sic
712 3860 852 3912 Torrentur
860 3861 941 3910 edidit
951 3859 1105 3909 auctoritate
1114 3855 1189 3906 Harl.
1199 3852 1271 3902 Med.

187 3921 329 3983 utriusque,
341 3918 421 3966 Barh.
434 3921 508 3983 prim.
519 3923 571 3972 Bit.
583 3924 658 3986 prim.
677 3925 745 3974 Uttr.
765 3926 908 3987 utriusque,
927 3924 1001 3974 held.
1018 3923 1141 3986 quinque,
1159 3920 1223 3982 cop.
1242 3926 1270 3968 et

186 3983 258 4046 hiog.
274 3982 327 4032 Alit
337 3982 426 4034 catut.
461 3985 527 4038 Edd.
540 3995 602 4037 aute
613 3990 732 4054 Pighium
744 3993 821 4038 etium
833 3989 955 4038 omittunt
971 3987 1092 4037 toa—72
1109 3984 1152 4034 Ita
1167 3990 1269 4035 vetarer

677 4109 784 4162 NOTAE
880 4151 885 4162 .

338 4209 353 4238 ⁹
363 4206 414 4258 Αιι.
426 4207 463 4258 Μ.
472 4210 546 4257 8⁷08.
563 4207 607 4258 ot.
617 4211 672 4258 108.
681 4212 706 4258 t.
723 4206 790 4258 Urh.
801 4206 834 4260 C.
843 4209 901 4257 ror.
929 4203 991 4256 Ant.
1004 4202 1051 4256 Ch.
1062 4207 1117 4256 tlt.
