3234 5110
304 447 371 512 cte
596 459 752 507 vsnnsn
776 457 922 506 usxmt
948 459 1020 508 nte.
1044 460 1094 505 vi.

306 608 350 670 lis
365 606 461 670 fidei!
505 601 611 679 Quis
623 623 699 666 cum
720 602 762 666 ad
786 603 953 666 dominum
982 601 1207 684 proscriptum
1238 599 1394 666 occiden-

306 709 395 783 dum,
410 705 669 769 domesticorum
680 705 804 769 indicio
820 705 976 768 certiores
989 703 1102 766 sectos
1115 703 1239 766 milites
1254 703 1288 764 in
1304 702 1395 766 Rea·

306 814 408 874 unam
422 806 533 870 villum
548 807 681 870 venisse
695 813 885 888 cognosset,
908 813 1115 870 commutate
1137 825 1215 868 cum
1237 824 1278 867 eo
1294 811 1395 880 veste,

305 914 493 996 permutato
509 909 610 972 etiem
626 909 761 986 annulo,
780 911 872 974 illum
888 909 1023 991 postico
1039 907 1124 971 clem
1139 907 1262 982 emisit,
1286 926 1323 970 se
1336 926 1396 969 su·

306 1023 372 1078 tem
386 1013 420 1074 in
435 1010 620 1074 cubiculum
651 1030 690 1074 ec
711 1011 866 1076 lectulum
888 1011 1024 1092 recepit,
1048 1016 1082 1074 et
1108 1009 1396 1091 ut'Penopionem

307 1113 417 1178 occidi
432 1130 556 1194 passus
578 1119 642 1176 est.
688 1113 806 1177 Brevis
830 1113 927 1195 hujus
951 1111 1032 1176 lacti
1055 1112 1223 1190 narretio;
1245 1110 1306 1174 sed
1330 1130 1396 1174 non

306 1234 412 1297 parve
424 1213 560 1278 materia
570 1213 782 1278 laudationis.
815 1214 905 1278 Nem
917 1215 947 1278 si
962 1215 1038 1296 quis
1053 1221 1126 1278 ente
1142 1213 1260 1277 oculos
1274 1231 1397 1296 ponere

306 1316 388 1380 velit
402 1315 546 1380 subitum
561 1315 703 1379 militum
720 1324 934 1394 accursum‚²¹
957 1315 1121 1382 convulsa
1145 1317 1264 1398 jenuae
1286 1315 1398 1379 claus-

307 1424 369 1494 tra,
385 1418 547 1480 minacem
573 1436 699 1494 vocem,
724 1424 839 1481 truces
864 1419 990 1500 vultus,
1009 1417 1171 1499 fulgentis
1195 1435 1307 1496 erme;
1328 1435 1396 1480 rem

309 1537 386 1582 vens
401 1519 623 1583 testimatione
637 1529 874 1603 prosequetur:
899 1539 962 1584 nee
986 1539 1086 1604 quam
1109 1519 1178 1583 cito
1205 1519 1324 1582 dicitur
1338 1517 1397 1580 eli·

308 1618 441 1703 quem²⁶
463 1640 524 1702 pro
539 1621 608 1683 elio
621 1623 704 1684 mori
720 1623 877 1699 voluisse,
903 1621 1020 1685 tamid
1035 1620 1185 1685 exsacili
1210 1620 1309 1682 etiem
1325 1618 1397 1680 lieri

308 1721 460 1804 potuisse
475 1721 707 1786 arbitrabitur!
752 1723 928 1804 Panopion
937 1729 964 1771 ²⁷
986 1730 1097 1788 entem
1125 1730 1285 1804 qnantum
1300 1737 1396 1783 servo

310 1823 458 1900 deberet,
473 1823 618 1906 emplum
634 1823 666 1886 ei
681 1821 834 1888 faciendo
848 1829 1105 1900 monumentum,
1119 1843 1160 1888 ec
1176 1822 1399 1888 testimonium

308 1925 440 2007 pietatis
455 1933 547 2006 grato
560 1924 660 1988 titulo
673 1924 849 2002 reddendo,
864 1925 1042 1990 consessus
1056 1925 1168 1990 est.²⁸l

351 2027 384 2088 7.
408 2023 591 2089 Contentus
605 2045 713 2089 essem
728 2024 824 2108 hujus
840 2028 969 2108 generis
978 2035 1006 2078 ²⁹
1027 2026 1203 2109 exemplis,
1217 2024 1284 2088 nisi
1298 2042 1398 2087 unum

309 2145 363 2188 me
386 2127 499 2190 dicere
521 2127 697 2192 admiratio
722 2127 806 2191 fecti
834 2133 976 2210 cogeret.
1022 2127 1144 2193 Antius
1160 2122 1302 2203 nessei
1324 2144 1399 2208 pro-

309 2226 454 2306 scriptus
470 2247 490 2290 a
505 2230 697 2306 triumviris,
713 2249 787 2293 cnm
801 2249 916 2294 omnes
931 2231 1137 2294 domesticos
1149 2231 1236 2293 circe
1247 2227 1400 2309 rapinam

309 2333 343 2388 et
353 2327 498 2408 praedam
513 2335 696 2410 occupatos
707 2331 844 2406 videret,
860 2351 960 2412 quem
974 2332 1120 2396 maxime
1143 2336 1277 2414 poterut
1300 2324 1400 2392 dissi-

308 2426 434 2492 mulata
447 2427 527 2508 fuga
541 2448 578 2491 se
593 2429 779 2512 penatibus
792 2430 862 2492 suis
887 2432 1092 2510 intempeste
1114 2445 1214 2491 nocte
1231 2428 1401 2490 subduxit.

310 2528 417 2612 Gujus
432 2528 593 2592 furtivum
609 2547 779 2608 egressum
803 2548 920 2593 servus
942 2531 986 2594 eb
1006 2548 1048 2593 eo
1073 2529 1279 2592 vinculorum
1302 2547 1403 2608 poena

311 2628 488 2707 coercitus,
503 2627 768 2710 inexpiabilique
783 2629 947 2694 literarum
969 2635 1048 2696 note
1071 2649 1132 2712 per
1154 2647 1317 2693 summam
1333 2629 1402 2691 oris

310 2845 353 2960 ‘fil’
367 2845 416 2894 Nec
429 2843 524 2958 31111111
541 2850 590 2894 tum
607 2860 654 2894 esse
667 2843 741 2906 fusile
758 2845 858 2910 aliquem
867 2860 911 2908 pro
922 2847 968 2896 clio
987 2845 1049 2894 seori
1063 2845 1176 2910 petuisse,
1193 2858 1261 2906 quum
1274 2841 1350 2900 facile
1369 2845 1404 2891 est

335 2925 420 2960 cereae
466 2925 493 2958 ce
512 2923 532 2958 s.

770 3002 951 3024 mm

313 3121 467 3184 Panapionis,
483 3120 593 3168 maximo
605 3117 786 3164 numeru—24
801 3115 809 3142 ‘
823 3115 885 3164 Vet.
896 3129 954 3163 cum
966 3127 1012 3162 sex
1025 3115 1089 3165 Mes.
1106 3117 1146 3176 qui
1164 3112 1269 3164 omittit.
1303 3113 1366 3163 Mox
1377 3113 1403 3162 in

312 3185 399 3231 meltis
411 3183 475 3228 Mes.
487 3184 643 3236 canaescet.
676 3178 770 3240 uttrnj.
782 3184 805 3229 1.
817 3181 840 3226 1.
854 3187 883 3225 et
895 3178 967 3240 Meg.
977 3180 1134 3238 cognovisset:
1154 3177 1245 3226 uelud.
1262 3183 1285 3226 5.
1299 3182 1324 3227 c.
1341 3184 1364 3226 st
1379 3180 1404 3226 in

313 3245 344 3293 R.
357 3249 580 3301 communicent.
613 3243 665 3289 Pro
682 3243 791 3291 lectulum
810 3242 834 3290 in
854 3243 917 3291 Vei.
938 3242 1197 3305 testimoniium,
1217 3241 1284 3289 uude
1305 3243 1405 3304 Lipsius

312 3307 410 3356 tunm
432 3305 539 3366 conjicit
562 3306 709 3363 lecticulam
734 3321 793 3354 uem
815 3307 953 3354 1111111111»
973 3314 1014 3355 est
1035 3307 1125 3355 vitium
1147 3307 1299 3368 operarum!
1327 3308 1407 3368 Kopp.

312 3371 416 3420 Deinde
429 3369 502 3419 Leid.
513 3369 594 3432 etnim.
606 3384 663 3417 cum
675 3371 772 3434 Uttrnj.
785 3371 859 3432 prin.
878 3371 952 3419 occidi
962 3385 987 3419 se
996 3385 1079 3432 pnsum
1088 3378 1141 3425 este
1158 3371 1224 3418 uude
1236 3371 1295 3420 Sel.
1304 3371 1406 3434 Gryplt.

313 3436 422 3484 occidisse
438 3447 520 3497 pum
530 3439 580 3482 eet.-
598 3433 707 3482 Medici.
724 3449 751 3482 sc
767 3440 792 3483 te
803 3440 829 3482 ut
842 3435 1010 3496 Panapionem.
1025 3436 1129 3495 lte-25
1147 3435 1226 3484 Buri».
1240 3440 1262 3484 1.
1273 3443 1301 3485 et
1312 3436 1406 3497 Copti.

313 3513 440 3548 marsum.
474 3497 538 3545 Mox
549 3499 643 3560 Copes.
653 3498 755 3546 moces
765 3514 837 3548 esces.
869 3498 943 3546 Idem
956 3501 1030 3558 psule
1050 3507 1117 3560 post,
1134 3513 1160 3546 re
1171 3513 1226 3548 reru
1236 3500 1405 3556 actitantium

314 3563 360 3612 sed
371 3563 395 3610 iu
408 3577 498 3611 noveni
511 3562 587 3610 codd.
598 3562 704 3610 Torren.
716 3577 743 3610 re
753 3577 809 3610 cera
819 3563 1073 3610 estimationem—26
1090 3564 1174 3610 Bitut.
1187 3569 1210 3612 1.
1223 3563 1317 3626 uliquis.
1342 3565 1407 3612 ’111111

314 3626 411 3678 Medic.
426 3631 446 3675 1.
467 3625 539 3674 leid.
550 3629 575 3674 t.
592 3633 619 3672 et
629 3626 725 3688 Ultrsj.
735 3631 760 3675 2.
776 3627 902 3676 iniustitiis·
922 3641 968 3688 pro
980 3625 1208 3675 arbitratione-et
1226 3628 1320 3689 Ccpes.
1334 3627 1408 3677 Heri.

316 3693 395 3742 Burb.
408 3696 430 3740 l.
447 3691 530 3739 Bitnr.
541 3695 564 3739 1.
582 3689 676 3752 Ultrsj.
687 3695 711 3738 2.
728 3690 799 3739 Leid.
812 3696 836 3739 t.
849 3697 875 3738 et
888 3691 959 3752 Meg.
979 3690 1156 3751 Pamin—28
1174 3691 1216 3738 Ite
1226 3692 1363 3740 'l'orrenius
1374 3706 1407 3738 ex

314 3771 407 3806 novem
419 3757 483 3804 Mss.
496 3763 522 3802 et
533 3753 649 3802 omnibns
660 3762 720 3803 ente
731 3755 851 3817 Pighiom
865 3753 1021 3802 editionibus
1038 3754 1161 3803 restituit.
1194 3755 1302 3816 Pighius
1319 3764 1347 3805 et
1364 3757 1408 3819 qui

316 3835 373 3870 enm
384 3820 456 3882 secui
466 3819 551 3867 solent
561 3819 668 3867 Celsius
680 3833 711 3868 sc
722 3819 842 3867 vorstius
852 3817 978 3868 dederent
988 3823 1089 3866 testatus
1097 3823 1208 3867 ests-29
1224 3821 1285 3868 Vel.
1294 3835 1367 3869 essem
1377 3835 1409 3868 ex

316 3885 362 3934 liis
373 3885 441 3945 liius
456 3884 567 3946 gemin
584 3883 653 3932 unde
672 3883 775 3946 lipsius
793 3883 888 3932 eximiis
907 3883 975 3943 hiim
992 3882 1099 3944 31111111,
1114 3883 1277 3946 improbante
1292 3883 1408 3946 Kuppio.

807 4029 917 4079 NOTAE

349 4148 359 4191 t
373 4137 421 4186 An.
432 4138 470 4187 M.
480 4143 555 4187 toll.
572 4139 615 4190 01.
628 4143 685 4191 les.
697 4146 721 4191 1.
738 4141 803 4191 Urb.
812 4143 841 4194 C.
882 4143 914 4192 de
925 4156 975 4208 quo
986 4143 1078 4192 Cicero
1089 4143 1174 4206 Epist.
1187 4141 1353 4204 seneticam,
1368 4159 1409 4197 nv.

317 4219 373 4266 ilo.
390 4212 452 4262 Aut.
465 4215 511 4262 cu.
522 4219 562 4263 te.
883 4223 922 4268 15.
940 4218 1058 4268 ‘Praeter
1069 4217 1175 4268 Antium
1188 4225 1214 4266 et
1226 4218 1409 4272 11111οηί11111ῐί-

346 4291 354 4334 t
371 4289 458 4342 Aetius
469 4287 564 4351 Restio]
581 4289 629 4338 lite
641 4291 707 4355 ipsc,
719 4293 744 4342 ni
755 4293 842 4357 fallor,
883 4294 929 4342 ber
940 4293 1033 4342 nemo.'
