3230 5092
416 387 496 437 cnr.
511 387 593 435 x1v.
616 387 665 436 nn
688 387 920 438 cnrrnrrsrn
942 390 1100 442 onoma.
1234 379 1299 446 807

214 535 337 604 cundia
351 540 484 613 teneret,
507 537 652 602 dicerem
671 537 803 619 dignum
818 537 1068 623 philosophum,
1083 539 1181 623 cujus
1196 547 1299 612 stabi·

213 639 315 703 liendi
329 657 436 702 mores
458 637 584 702 altioris
598 640 700 704 animi
722 639 920 722 philosopho
933 642 1163 708 traderentur!
1204 644 1301 712 cete-

214 759 287 804 rum
301 740 406 820 gloria
425 759 467 803 ne
482 741 526 804 ab
547 741 599 804 his
614 741 757 824 quidem,
773 741 831 824 qui
845 749 1045 807 contemtum
1065 742 1142 826 ejus
1155 743 1301 811 introdu-

215 847 324 904 cere⁸²
356 848 524 918 conantur,
547 841 741 922 negligitur:
769 842 1075 927 quoniamquidem
1098 843 1185 927 ipsis
1207 845 1302 910 volu·

214 942 355 1006 minibus
372 943 508 1006 nomina
528 961 591 1007 sua
612 941 783 1024 diligenter
797 943 976 1027 adjiciunt3
1005 952 1046 1008 ut
1069 944 1160 1028 quod
1173 946 1301 1028 proies-

216 1043 310 1106 sione
336 1042 478 1120 elevaut‚
500 1042 717 1126 usurpatione
741 1043 910 1108 memoriae
935 1048 1191 1128 assequantur.²³
1233 1047 1302 1114 Sed

216 1144 468 1227 qualiscumque
481 1144 598 1208 horum
617 1143 839 1208 dissimulatio
852 1145 1028 1227 proposito
1050 1130 1181 1210 illorum
1202 1146 1301 1232 longe

216 1244 420 1309 tolerabilior
433 1250 494 1322 est,
509 1244 579 1326 qui,
601 1243 717 1308 dum²4
745 1250 900 1309 aeternam
925 1247 1117 1310 memoriam
1143 1267 1302 1334 esseque·

215 1351 334 1423 rentur,
348 1345 447 1409 etiam
462 1344 646 1408 sceleribus
661 1345 865 1409 innotescere
878 1364 945 1409 non
958 1344 1162 1412 dubitarunt.

257 1447 291 1510 4.
313 1444 464 1522 Quorum
489 1463 508 1508 e
529 1463 666 1508 numero
687 1447 803 1510 nescio
834 1465 877 1510 an
907 1448 940 1510 in
968 1447 1084 1531 primis
1113 1448 1304 1517 Pausanias

218 1546 338 1611 debeat
351 1546 469 1610 referri.
503 1543 593 1608 Nam
602 1551 629 1591 ²⁵
651 1544 729 1610 dum
744 1545 956 1611 Hermoclem
971 1555 1184 1631 percontatus
1198 1558 1304 1628 esset,

218 1650 381 1728 ‘quonam
395 1645 495 1710 modo
508 1646 618 1710 subito
632 1646 742 1710 olnrns
767 1653 885 1731 posset
898 1647 1058 1726 evadere,'
1080 1654 1179 1732 atquo
1201 1651 1232 1713 is
1253 1670 1303 1716 re·

218 1746 419 1831 spondisset,
435 1747 483 1809 ‘si
496 1746 658 1812 illustrem
669 1748 775 1811 virum
790 1749 935 1832 aliquem
949 1748 1142 1826 occidisset,
1155 1749 1304 1815 suerrum

218 1852 256 1912 nt
269 1847 372 1929 gloria
385 1846 458 1930 ejus
478 1846 521 1910 ad
542 1847 653 1930 ipsum
666 1847 900 1930 redundaret3'
928 1849 1083 1915 continuo
1108 1847 1304 1934 Philippum

218 1948 407 2013 interemit.¹²
450 1946 495 2012 Et
507 1949 642 2031 quidem
656 1950 745 2034 qnod
765 1951 918 2036 petierat,
942 1955 1119 2015 assecutus
1140 1957 1214 2031 est3
1235 1957 1304 2016 tam

219 2049 305 2112 enim
317 2068 353 2113 se
365 2049 555 2132 parricidio,
570 2069 668 2134 qnam
679 2049 856 2134 Philippus
865 2048 891 2090 ²⁶
919 2049 1050 2127 virtute,
1063 2055 1176 2114 notum
1189 2057 1304 2133 poste-

218 2149 264 2214 ris
278 2149 442 2215 reddidit*

260 2253 293 2317 5.
315 2251 383 2316 Illa
397 2272 475 2317 vero
489 2253 603 2335 gloriae
618 2253 786 2337 cupiditas
798 2252 977 2336 sacrilega:
993 2253 1144 2319 inventus
1155 2254 1306 2320 estenim

220 2353 279 2437 qui
303 2353 423 2420 Dianae
444 2354 599 2438 Ephesiae
615 2355 794 2438 templnm⁰
813 2355 989 2420 incendere
1008 2356 1120 2433 vellet,
1141 2362 1181 2419 ut
1204 2374 1304 2438 opere

250 2569 265 2604 ⁴
276 2572 332 2621 Nisi
342 2577 433 2622 tantm
441 2579 464 2622 et
479 2579 529 2622 tura
540 2575 606 2635 longe
615 2577 734 2637 putentem
744 2570 882 2622 Aristotelis
898 2571 1031 2622 umam
1048 2572 1132 2621 teme
1146 2583 1306 2634 prueqserm

220 2633 320 2682 dicerem
330 2637 397 2682 illum
404 2637 434 2681 ob
443 2650 507 2684 uera
516 2637 698 2686 martimo
708 2637 807 2698 ἀίμιιιιι
816 2651 875 2698 sere,
890 2636 956 2695 eurise
971 2650 1046 2687 nores
1063 2635 1093 2685 ab
1107 2633 1154 2684 ctio
1165 2635 1308 2699 Pttloropte

220 2694 415 2757 messmam
424 2698 456 2742 aa
465 2699 619 2746 anemae
628 2701 739 2760 aem
748 2701 930 2751 sanemur.

675 2836 854 2860 ΜΙΙΜΝΝ

222 2936 299 2986 codd.
312 2937 419 2985 Torren.
431 2940 457 2986 el
470 2934 531 2984 edd.
549 2939 615 2983 vett.
635 2933 686 2984 duo
707 2933 826 2996 Pigbienl
843 2935 965 2985 exhibent
980 2939 1100 2988 trondem
1108 2954 1118 2994 ,-
1135 2951 1199 2985 unns
1211 2935 1307 2985 Brund.

222 3001 337 3056 induere,
355 2999 424 3063 qood
436 3013 508 3062 aeqrre
519 2997 680 3048 commodum
698 3004 775 3062 potat
786 2998 977 3046 Verresne-se
994 3000 1046 3047 Pro
1064 3003 1224 3060 moramur,
1239 2997 1309 3060 quod

222 3065 329 3116 Torren.
337 3063 461 3124 restituit,
471 3062 580 3126 Pighius
592 3077 649 3112 cnm
660 3064 756 3112 ceteris
767 3063 1006 3122 moenum-2⁴
1022 3061 1065 3109 sic
1077 3059 1154 3109 Aldd.
1166 3066 1193 3109 et
1206 3074 1310 3109 revocu-

223 3127 361 3176 vitVorst.
378 3127 503 3189 probante
514 3128 655 3176 Torrenior
673 3134 701 3176 at
714 3126 791 3189 Piglr.
811 3139 858 3187 pro
878 3125 932 3172 duas
951 3122 1056 3186 scripsit
1072 3125 1202 3186 marce,
1217 3129 1244 3172 et
1262 3138 1309 3186 pro

223 3196 408 3252 merescere,
423 3191 491 3254 qnod
503 3190 600 3240 Bnud.
613 3195 637 3239 l.
648 3194 673 3240 2.
685 3197 713 3240 et
724 3203 812 3239 omues
821 3189 931 3238 Torren.
941 3186 1046 3238 lirrnsnt
1056 3187 1131 3237 codd.
1182 3187 1233 3236 ruit
1249 3202 1312 3236 nese·

223 3259 333 3317 questum
366 3255 460 3318 Ultrsj.
478 3259 502 3304 l.
523 3255 600 3304 habet
617 3260 644 3303 st
664 3268 711 3317 pro
731 3256 797 3313 dem,
812 3253 881 3318 quod
898 3261 1002 3302 serram
1023 3251 1065 3300 elii
1087 3251 1136 3300 cod
1157 3255 1228 3300 .—26
1247 3252 1312 3300 Nure

224 3321 298 3367 deest
308 3318 333 3367 in
344 3317 404 3368 edd.
416 3325 481 3368 vett.
493 3317 592 3367 eddidit
603 3318 709 3382 Plglrine
720 3320 904 3367 convenienter
915 3331 973 3366 enm
986 3316 1062 3365 codd.
1074 3323 1102 3364 et
1112 3316 1185 3379 Meg.
1202 3315 1246 3380 qni
1256 3313 1310 3366 sere

222 3381 331 3432 hubent:
353 3383 478 3433 Narseum
489 3383 636 3432 Hermoclen.
669 3381 795 3432 Brodoene
809 3383 998 3438 timentem
1014 3380 1081 3445 quod
1093 3379 1200 3429 Colerue
1216 3380 1244 3428 in
1257 3388 1312 3430 tex·

224 3453 279 3496 lum
298 3447 414 3510 recepit:
430 3447 523 3511 Copee.
535 3446 725 3505 Hemodoelerrr
742 3445 824 3496 ceteri
842 3445 1051 3495 Herm-so
1067 3443 1161 3507 Ultruj.
1177 3448 1202 3494 l.
1219 3448 1311 3494 rursm

716 3574 824 3627 NOTAE

256 3670 421 3734 'Plc'llpprre
436 3669 567 3735 iatnenit]
580 3671 640 3721 Non
657 3670 746 3734 gloria
786 3675 871 3734 nocte,
896 3685 947 3735 qna
979 3675 1055 3720 ustus
1090 3674 1131 3719 est
1156 3665 1313 3718 Alexander.

226 3743 385 3793 asciscendus
402 3759 489 3807 censs,
505 3751 535 3794 ut
546 3746 602 3794 rnlt
611 3746 747 3806 Valerium
788 3746 865 3795 Unde
873 3745 986 3794 'limans
998 3743 1067 3807 apud
1078 3743 1228 3793 ciceronem
1240 3741 1312 3803 dicit,

225 3819 270 3869 red
289 3819 399 3883 injuriae,
415 3835 491 3884 qnam
508 3822 541 3871 nb
551 3819 643 3870 Attalo
658 3836 748 3884 pessus
788 3819 815 3869 id
827 3821 930 3869 minime
939 3833 997 3868 esse
1008 3817 1159 3878 mirandum,
1170 3815 1238 3880 quod
1251 3817 1313 3866 Dis·

224 3903 292 3957 eret,
307 3896 471 3946 ulciscendus.
502 3895 553 3946 Sed
571 3896 605 3946 de
616 3895 654 3944 bis
669 3909 750 3958 snpra
789 3912 833 3960 us,
850 3913 908 3948 curn
923 3897 948 3945 lu
958 3903 1035 3960 partu
1047 3894 1208 3958 Olympiadis
1224 3895 1314 3948 adem

225 3971 270 4021 lib.
282 3984 301 4021 ι.
311 3985 368 4034 cap.
377 3973 401 4019 8.
413 3985 481 4020 num.
491 3975 516 4020 9.
789 3973 920 4036 voluisset,
929 3970 1055 4022 obfuisset
1064 3969 1148 4020 donno.
1180 3970 1314 4035 Templum

258 4052 270 4103 t
288 4044 469 4096 Annaeus.
485 4047 529 4097 01.
538 4051 626 4098 ΠΜ.
642 4047 747 4098 Urbe.
788 4047 851 4098 illud
869 4053 909 4097 ter
924 4051 1085 4096 exstructum
1100 4051 1150 4107 est,
1165 4049 1233 4094 terte
1242 4045 1314 4096 Stre·

226 4120 358 4169 tltllnt.
369 4121 486 4171 chare.
788 4125 870 4185 boue;
897 4130 977 4187 utque
998 4121 1138 4172 secundum
1160 4122 1252 4185 primo,
1277 4123 1314 4172 sic

257 4199 270 4227 ⁰
285 4193 373 4244 Dim
390 4197 499 4259 Ephesia
515 4200 635 4264 teupisse]
652 4199 750 4251 lisdem
789 4199 897 4250 tertium
914 4196 1027 4249 secundo
1049 4203 1077 4248 et
1094 4197 1268 4262 magnitudine
1287 4203 1317 4246 et
