3230 5092
460 489 539 536 cur.
557 487 611 536 rx.
638 487 685 534 on
712 488 747 534 vr
776 487 1035 548 uuoousnrrrs.
1227 471 1292 536 779

202 632 368 718 aptand03
398 637 570 694 uteorum
592 629 733 694 militare
755 632 855 694 robur
883 631 952 694 leni
985 629 1079 712 pacis
1101 631 1211 694 studio
1242 651 1291 695 re-

203 735 358 802 laxaret!

694 830 798 880 NOTAE

202 923 658 1006 TrojanornurHector,fortissimus:
672 957 730 991 cum
765 940 875 990 minibus
884 941 1110 990 celebratissimus.

204 1017 320 1081 Homeri,
338 1023 391 1066 tum
403 1017 538 1080 poetarum
550 1017 662 1066 omnium
674 1033 729 1067 cer·
798 1017 813 1045 ⁸
826 1016 875 1068 An.
888 1019 926 1067 Μ.
937 1021 1010 1068 titt.
1034 1016 1096 1066 Ant.
1107 1015 1153 1066 Cli.
1163 1019 1219 1065 eal.

640 1385 745 1452 CAP.
767 1387 838 1454 IX.

501 1571 565 1634 nu
588 1567 641 1633 vr
664 1569 1000 1652 unoeuauurm.

356 1727 536 1784 renouatus.
933 1752 963 1788 ur
984 1752 1124 1789 sxrsnmr.

219 1830 231 1873 l
249 1825 286 1875 Μ.
298 1824 403 1874 Valerio
420 1825 493 1875 Max.
504 1825 567 1876 dice
783 1830 796 1873 l
816 1825 954 1875 Pisistrato
970 1825 1132 1875 Atheniensi.

217 1894 233 1938 2
250 1890 287 1940 Μ.
301 1887 414 1938 Antonio
426 1897 537 1939 oratore.
781 1894 797 1938 2
815 1889 918 1938 Pericle
930 1889 1091 1938 Atheniensi.

218 1956 233 2001 t
250 1954 280 2003 C.
295 1952 400 2002 Aurelio
410 1953 496 2005 Cotta.
782 1955 797 2002 8
816 1953 929 2016 Hegesia
938 1953 1090 2016 Cyrenaico.

245 2100 472 2163 Porsurrsu
489 2119 569 2164 vero
590 2101 792 2184 eloquentiae
816 2100 878 2163 etsi
902 2100 1076 2182 plurimum
1101 2099 1207 2163 valere
1223 2101 1293 2165 ani-

203 2199 451 2277 madvertimus,
476 2208 586 2264 tumen
610 2204 675 2266 sub
701 2202 846 2284 propriis
868 2202 1046 2284 exemplis,
1072 2221 1141 2283 quo
1166 2202 1295 2266 scilicet

202 2301 289 2364 vires
303 2302 378 2382 ejus
395 2303 583 2368 testatiores
599 2303 707 2381 fiant:
727 2303 922 2383 recognosci
937 2302 1107 2367 convenit.

243 2403 273 2465 1.
298 2401 451 2485 Regibus
476 2407 619 2482 exactis,
646 2406 743 2489 plebs
769 2404 939 2468 dissidens
966 2423 988 2467 a
1011 2403 1176 2486 patribus,
1192 2401 1294 2486 justa

199 2503 304 2586 ripam
319 2501 463 2568 fluminis
477 2503 643 2569 Anienis·
664 2505 698 2569 in
713 2506 809 2582 colle,
824 2505 883 2588 qui
908 2504 1010 2570 Sacer
1025 2505 1220 2587 appellatur,
1242 2525 1293 2568 ar-

200 2611 291 2668 mata
305 2607 466 2670 consedit.
511 2606 657 2690 Eratque
682 2627 750 2671 non
776 2609 884 2671 solum
912 2605 1081 2682 deformis,
1106 2603 1166 2668 sed
1192 2605 1295 2669 etiam

201 2703 404 2766 miserrimus
418 2708 612 2785 reipublicae
625 2717 757 2788 status3
788 2729 809 2772 a
831 2709 939 2790 capite
968 2708 1044 2791 ejus
1066 2719 1177 2771 cetera
1201 2714 1294 2790 parte

203 2803 351 2884 corporis
365 2803 525 2885 pestilera
539 2807 701 2871 seditione
715 2811 836 2872 divisa.
880 2806 933 2872 Ac
951 2811 984 2872 ni
1000 2807 1152 2872 Valeriib
1174 2810 1295 2873 subve-

201 2903 309 2966 nisset
323 2902 526 2985 eloqneutia,
541 2922 619 2986 spes
635 2909 719 2968 tenti
733 2908 862 2988 imperii
884 2909 919 2970 iu
934 2911 1011 2989 ipso
1033 2929 1127 2991 paene
1141 2920 1215 2974 ortu
1231 2931 1293 2974 suo

202 3003 392 3068 corruisset.
436 3001 472 3066 Is
486 3023 630 3087 namque
646 3002 806 3086 populum
821 3024 910 3066 nova
932 3016 966 3068 et
988 3008 1122 3070 insolita
1144 3011 1294 3073 libertate

202 3113 323 3168 temere
339 3103 549 3186 gaudentem,
565 3105 713 3168 oratione
740 3103 781 3166 ad
798 3103 933 3166 meliora
947 3110 980 3167 et
1001 3105 1133 3167 saniora
1151 3108 1295 3172 consilia

202 3211 408 3280 revocatum,
432 3206 563 3268 senatui
588 3204 741 3288 subjecit,
758 3204 794 3267 id
817 3209 896 3281 est,²
929 3204 1045 3267 urbem
1066 3205 1139 3267 urbi
1163 3204 1293 3289 junxit.

201 3302 323 3367 Verbis
339 3322 419 3385 ergo
434 3304 588 3369 facundis
601 3304 661 3383 ira,
675 3307 910 3383 consternatio,
926 3313 1038 3372 aeruna¹
1062 3308 1258 3372 cesserunt·

233 3493 244 3517 ¹
259 3486 293 3535 Ut
303 3486 369 3536 illiue
377 3487 413 3536 eir
424 3488 501 3550 mugla
510 3487 676 3552 perspiciatur.

660 3615 719 3637 em
720 3617 840 3640 OOOOO

236 3712 249 3757 l
269 3709 409 3765 Quartensis
419 3711 451 3760 rit
463 3711 601 3774 elegantia
612 3713 723 3763 vec—n
735 3714 767 3763 ln
794 3719 887 3763 urtuor
900 3712 1026 3763 Leiddet
1036 3713 1114 3763 Brrb.
1125 3718 1148 3762 1.
1158 3715 1295 3777 omittitur,

204 3772 231 3821 id
251 3778 303 3832 ert;
321 3788 368 3836 pre
385 3789 437 3838 qno
457 3776 551 3838 Ultrej.
570 3779 595 3824 t.
613 3782 640 3826 et
657 3778 728 3840 Meg.
748 3729 828 3827 liniret
847 3779 966 3827 idern-⁸
983 3777 1089 3836 Pighius
1109 3783 1132 3826 et
1150 3792 1231 3832 voro:
1247 3780 1292 3825 sed

204 3837 324 3898 copulem
333 3837 429 3889 delerit
439 3840 546 3888 Torren.
557 3841 711 3904 jubentibus
725 3842 851 3892 tredecim
862 3841 937 3891 codd.
950 3847 977 3890 et
988 3841 1046 3890 edd.
1058 3847 1123 3890 rett.
1136 3840 1294 3889 omnibus.-

700 3966 807 4017 NOTAE

235 4060 374 4124 wetere]
393 4061 545 4112 Nobilium
561 4062 645 4113 lrattae
658 4061 731 4112 flaui·
766 4061 857 4111 uenius
877 4060 1004 4125 Agrippa,
1024 4068 1053 4110 ut
1075 4076 1154 4125 suprr
1175 4062 1294 4130 diximus,
1340 4063 1344 4078 ⁸

204 4148 243 4196 us,
267 4137 310 4198 qni
331 4151 380 4185 nen
396 4139 484 4198 procul
497 4139 529 4186 ab
542 4139 605 4187 urbe
617 4140 643 4188 in
655 4138 729 4188 Tibe·
766 4137 889 4202 popilium
901 4137 926 4184 iu
938 4136 1027 4185 urbem
1039 4135 1151 4188 reduxit.

203 4211 252 4258 rirn
264 4209 357 4259 induit.
392 4212 479 4260 Hodie
491 4214 616 4263 Teoerore.
797 4213 812 4241 ⁹
827 4210 879 4260 Aa·
891 4211 930 4259 M·
942 4213 1015 4261 ⁸⁵⁶²·
1040 4208 1082 4261 01·
1091 4215 1132 4262 ⁷²·
1143 4217 1167 4263 2·
1188 4214 1251 4265 Urb-
1262 4217 1293 4266 C.

235 4283 247 4316 i
267 4283 369 4347 Valerii]
386 4286 446 4336 Non
466 4288 592 4352 veterius,
608 4287 655 4338 sed
672 4288 730 4337 Me·
765 4285 1038 4337 201.Ant.clr.tttt..
