3080 5106
468 448 549 495 ore.
567 447 606 495 rr.
633 449 680 496 ou
704 450 850 499 curere.
1148 439 1213 504 523

124 589 168 653 lis
181 588 338 655 exatrdire
352 609 416 654 non
431 590 604 673 potuisse!
645 589 689 655 Et
704 609 784 656 sane
798 593 833 656 id
847 599 979 676 tempus
998 600 1075 659 tunc
1088 603 1113 646 ³⁹
1134 606 1213 674 erat,

125 709 192 773 quo
207 692 315 773 magis
329 691 514 770 defendere,
529 711 628 775 quam
643 693 758 757 audire
772 695 862 776 leges
877 695 1071 782 oportebatt

166 792 199 855 9.
222 790 260 855 C.
287 791 386 856 Marii
408 792 551 874 vestigia
575 794 698 877 ubique
726 794 766 857 L.
781 795 877 878 Sylla
901 798 1079 862 certamino
1103 799 1212 862 laudis

123 894 345 977 subsequitur.
389 895 547 960 Dictator
568 897 657 959 euim
680 895 843 978 Pompeio
863 897 963 961 etiam
986 898 1156 980 privatae
1178 907 1213 964 ot

123 1003 227 1076 caput
253 997 436 1080 adaperuit,
464 1005 498 1062 et
528 999 610 1062 sella
635 999 828 1075 assurrexit,
850 1004 883 1062 et
907 1017 995 1081 equo
1021 999 1213 1065 descendit:

121 1098 132 1125 ⁴
149 1113 257 1178 eaque
272 1117 308 1161 se
320 1098 461 1164 libenter
476 1098 602 1164 facore’
617 1100 650 1163 io
667 1100 825 1164 concione
847 1101 1066 1182 praedicavit3
1088 1120 1213 1166 memor

122 1196 166 1259 ab
176 1217 216 1261 eo
230 1199 454 1285 duodeviginti
470 1205 567 1266 annis
581 1211 662 1268 nato
677 1210 789 1285 partes
804 1223 881 1268 suas
891 1205 1036 1268 exercito
1051 1209 1213 1285 paterno⁰

119 1296 263 1380 adjutas.
307 1302 419 1366 Multo
432 1304 575 1382 insignia
587 1303 771 1384 Pompei03
794 1305 852 1366 sed
864 1307 976 1368 nescio
985 1325 1027 1368 an
1038 1307 1102 1369 boc
1118 1306 1213 1388 quic-

119 1418 221 1481 quam
245 1401 477 1466 admirabilius
500 1401 689 1482 contigerit,
704 1401 795 1484 quod
817 1404 1038 1484 magnitudine
1051 1405 1211 1481 beneficii,

117 1501 173 1563 sui
188 1501 348 1564 oblivisci
364 1500 493 1584 Syllam
508 1495 677 1582 coligit.⁴¹'

164 1601 220 1664 10.
242 1601 295 1665 Sit
309 1601 431 1684 aliquis
446 1603 481 1666 in
495 1603 814 1687 summosplendore
826 1606 927 1670 etiam
939 1604 1126 1670 sordibus4²
1141 1625 1213 1686 gra·

119 1701 166 1765 tis
191 1701 297 1766 locus·
342 1703 391 1768 M.
412 1702 582 1768 Cornutop
601 1712 745 1788 praetoro
767 1706 867 1770 sunus
892 1707 1001 1771 Hirtii
1022 1716 1058 1770 et
1072 1706 1212 1770 Pansaer

112 1800 213 1883 jussu
241 1809 379 1870 senatus
408 1807 551 1885 locante,
582 1810 638 1891 qui
667 1816 749 1874 tuno
780 1808 980 1874 Libitinam¹
1002 1808 1212 1884 exercebant,

117 1922 197 1968 cum
205 1912 232 1953 4³
256 1924 362 1972 rerum
376 1927 510 1974 suarum
523 1929 637 1986 usum,
653 1917 722 1973 tum
737 1911 955 1974 ministerium
978 1929 1077 1974 suum
1089 1910 1214 1991 gratui-

578 2084 757 2104 &W

118 2204 181 2248 aunt
192 2199 268 2262 Piglr.
280 2199 366 2250 Color.
382 2201 459 2264 'lbya
477 2207 504 2250 et
516 2201 678 2263 Delum—tlt)
695 2199 770 2250 Hanc
778 2214 865 2249 vocem
876 2200 1013 2250 Torreoiue
1025 2199 1143 2249 restituit
1152 2214 1212 2250 aoc-

116 2263 228 2312 toritete
240 2262 361 2313 librorum
372 2266 526 2328 scriptorum
546 2272 574 2314 et
592 2264 729 2325 editorum,
750 2279 808 2314 eom
818 2264 924 2328 Pighius
935 2279 990 2313 eem
1001 2265 1213 2327 expunxisset.—

115 2331 151 2376 tt)
168 2328 229 2378 ‘Sic
240 2343 273 2378 ex
282 2329 379 2378 Ceoeb.
391 2335 419 2378 et
431 2330 533 2378 Winok.
544 2329 626 2378 edidit
636 2329 753 2391 Pighiur,
765 2341 842 2393 quom
850 2334 879 2378 et
889 2329 932 2377 elit
943 2329 1026 2379 recuti
1037 2335 1106 2389 aunt
1116 2343 1173 2378 com
1185 2336 1213 2377 et

118 2391 183 2440 editi
193 2399 221 2442 et
232 2393 324 2457 scripti
336 2393 464 2444 babeant:
481 2395 577 2458 privetu
588 2394 714 2457 Pompeior
731 2394 804 2444 Leid.
823 2399 847 2442 o.
862 2394 956 2456 priuato
966 2398 988 2442 et
1001 2394 1113 2456 Pompeio
1123 2398 1212 2455 eaput

113 2455 223 2518 Pighius
235 2471 297 2506 voro
308 2462 333 2507 et
344 2465 405 2508 ante
415 2463 486 2520 eaput
497 2458 633 2520 expunxit:
666 2459 726 2508 Vet.
746 2458 773 2507 iu
782 2457 877 2520 μήκεα
885 2463 909 2506 et
920 2457 951 2508 P.
963 2463 987 2506 et
998 2463 1078 2520 capd-
1106 2457 1210 2507 Deinde

117 2519 168 2568 dno
188 2522 300 2571 Torren.
320 2523 377 2572 cello
386 2523 566 2574 ruam-rt
586 2523 659 2571 Laid.
678 2521 1073 2588 incantamentorum
1092 2521 1213 2581 otgit.—

114 2586 148 2632 ta
165 2583 257 2648 camp.
275 2594 302 2635 et
321 2587 412 2638 Color.
430 2587 540 2648 cordidit,
556 2587 624 2652 quod
645 2587 761 2649 renotuit
781 2587 899 2650 Pighius,
920 2600 1030 2650 eumque
1047 2593 1152 2633 secutur
1170 2592 1212 2632 eet

114 2647 213 2710 Delpb.
232 2650 341 2698 rordidu
362 2651 478 2699 nonnulli
500 2651 574 2700 codd.
593 2649 704 2700 Torren.
722 2651 766 2699 alii
782 2653 839 2700 ood-
857 2658 886 2700 et
905 2650 965 2700 edd.
985 2649 1093 2700 raditur
1107 2647 1213 2696 babent.

114 2710 211 2775 Ultraj.
230 2717 254 2762 1.
268 2713 426 2774 mominis
437 2716 571 2765 tom-te
589 2715 673 2764 Codd.
692 2713 747 2764 iere
758 2729 846 2764 ornnes
857 2724 885 2763 et
896 2715 954 2763 edd.
966 2715 1091 2777 Pigbiena
1101 2711 1212 2775 antiqui·

115 2787 177 2824 oreo
199 2779 259 2824 lam.
288 2777 352 2826 Mox
372 2779 594 2842 vulgg.grolaito:
622 2779 669 2828 aed
691 2778 770 2827 codd.
792 2785 821 2827 et
842 2778 902 2826 edd.
924 2784 990 2826 vett.
1016 2778 1214 2837 potadumput

613 2933 719 2984 NOl'AE

149 3061 231 3124 ssAn.
242 3064 281 3113 Μ.
294 3067 369 3112 teob.
402 3063 553 3112 otmar.
581 3059 646 3110 Urb.
687 3059 802 3124 dileprir,
812 3060 860 3111 eibi
872 3076 959 3112 manua
968 3062 1065 3112 intulit.

115 3141 218 3190 06⁶2.
245 3138 310 3188 Ant.
323 3138 370 3187 ce.
383 3142 440 3188 100.
567 3183 570 3190 ,
720 3136 923 3186 amfleat
938 3142 963 3186 et
982 3137 1077 3200 Pom]
1092 3134 1134 3185 Ad
1153 3135 1212 3184 Mo·

147 3222 160 3248 ⁰
179 3213 412 3278 Beneuentano]
430 3213 647 3278 Pottquemenim
687 3212 769 3262 tinam
779 3219 890 3277 uterque
901 3212 1005 3263 cecidit.
1037 3211 1079 3262 Au
1097 3211 1212 3261 Hirtium

113 3293 166 3342 Cn.
180 3291 322 3354 Pompeius
333 3291 427 3340 Strabo
447 3289 515 3339 illiue
527 3297 602 3354 poter
613 3289 646 3338 de
687 3297 716 3339 et
732 3287 871 3338 Octavium
892 3289 980 3338 Pensa
1002 3287 1134 3348 veniebat,
1154 3299 1212 3334 com

113 3370 185 3419 cmlo
199 3374 286 3417 taetro
310 3367 398 3431 periit,
415 3367 473 3430 ipse
491 3365 570 3416 etiem
590 3371 645 3416 tum
686 3365 844 3428 Praetorieui
855 3363 963 3414 Antonii
980 3363 1074 3413 militer
1085 3363 1156 3412 illum
1168 3373 1211 3424 eg·

113 3444 254 3496 admodum
272 3443 376 3507 juvenis
401 3458 459 3493 cum
479 3443 560 3494 tribur
583 3442 645 3506 legi·
687 3440 857 3504 grediuntur3
874 3439 964 3503 ingene
983 3442 1113 3504 utrimque
1129 3437 1212 3487 oritur

112 3519 209 3570 onibus
220 3519 299 3583 Syllo
312 3525 398 3581 portet
408 3524 514 3568 occutus
527 3525 575 3568 eet.
602 3518 645 3567 De
686 3531 781 3582 pugna,
790 3516 818 3564 in
837 3530 888 3580 que
898 3517 980 3566 Penta
1000 3523 1090 3565 veruto
1107 3513 1213 3576 perillo

111 3595 183 3644 ittlm
212 3594 327 3644 victorii·
354 3594 460 3643 mutulo
474 3593 520 3642 lib.
543 3607 562 3642 r.
578 3608 600 3643 c.
618 3597 643 3642 o.
685 3590 824 3642 trenetixuo
834 3591 959 3642 Bononia
977 3592 1054 3656 paulo
1070 3587 1212 3652 poetobiit.
1319 3606 1325 3619 ·

115 3687 143 3721 n.
155 3675 196 3720 te.
684 3667 781 3718 Petreio
790 3666 934 3731 interjectio
945 3665 1036 3716 diebus
1048 3663 1149 3713 Hirtio·
1157 3662 1211 3712 Au·

148 3747 227 3796 'Am
239 3747 277 3799 Μ.
286 3749 359 3796 0016.
377 3745 421 3797 Ol.
432 3749 487 3796 175.
495 3749 519 3796 2.
535 3745 600 3796 Urb.
612 3745 642 3796 C.
685 3744 782 3794 tortium
801 3742 834 3793 nd
856 3758 966 3808 pugnam
983 3742 1082 3800 elliolt3
1104 3740 1211 3804 jamque

113 3829 175 3876 075.
193 3821 256 3871 Ant.
268 3823 315 3872 Cb.
327 3827 368 3873 rt.
685 3821 770 3871 victor
782 3820 807 3870 iu
819 3819 887 3868 illiue
904 3824 992 3866 outre
1002 3816 1142 3879 irruperat,
1153 3827 1211 3862 cnm

146 3903 216 3952 eu.
227 3900 342 3963 Corneto]
359 3900 399 3950 Ex
411 3915 464 3964 que
473 3899 569 3950 familie
580 3900 644 3950 Cor·
684 3897 754 3946 circa
780 3893 937 3947 Pretorium
961 3890 1065 3940 fortiter
1088 3889 1209 3940 dimicent

112 3983 192 4028 notu·
201 3977 247 4027 llle
259 3975 348 4036 inerit,
366 3974 493 4024 incertum
511 3981 566 4024 eet:
585 3975 642 4024 Cte-
683 3969 815 4022 occubuit.
1182 3989 1184 3996 ι

114 4053 262 4104 oililtenim
282 4059 311 4100 et
329 4049 443 4099 Aureliis
457 4049 484 4098 id
502 4063 643 4112 cognomen
714 4042 884 4105 flebilium]
902 4042 980 4094 Quod
1000 4043 1026 4092 io
1046 4042 1142 4104 templo
1157 4041 1196 4092 Va

116 4127 246 4178 tribuitur.
279 4126 343 4189 lpre
362 4124 464 4174 Prator
483 4125 643 4186 prosecuto
682 4118 1208 4184 neriaLibitloaerenderentoreeqoaeed

114 4209 209 4255 centn
230 4201 371 4266 Antonium
393 4211 484 4247 munus
504 4197 643 4247 Consulare
682 4197 773 4247 funere
793 4196 942 4257 pertinent:
959 4193 1017 4244 ideo
1034 4195 1053 4244 ii
1071 4195 1115 4260 qui
1133 4210 1208 4246 cure·

114 4279 213 4346 gemin
226 4286 254 4327 et
265 4277 316 4327 ruia
328 4273 449 4326 militibui
460 4273 492 4324 ud
504 4272 642 4324 Octavium
682 4272 745 4323 beot
756 4271 856 4333 lunera,
867 4270 1010 4320 Libitinarii
1021 4270 1165 4322 dictitent.
