3230 5092
373 485 456 532 cnr.
474 483 539 530 sir.
563 483 611 532 nn
634 481 771 531 sucoso
798 483 842 530 ru
866 481 1088 534 monemus.
1215 469 1277 536 761

194 627 277 689 dam
292 625 366 708 ejus
379 624 556 707 quisquam
581 621 770 701 tardiorem,
794 630 851 687 aut
868 622 1052 688 firmitatem
1078 624 1191 702 lateris
1214 627 1284 692 ulla

193 745 236 790 ex
251 733 345 808 purte
359 732 566 807 quassatam,
582 731 639 790 ant
652 743 693 788 os
709 725 914 788 haesitatione
928 724 1122 808 impeditum
1135 727 1284 792 menad-

193 828 302 890 vertit.
346 825 559 905 Quiaornnia
572 826 639 889 istu
652 827 689 888 iu
712 831 804 888 statu
826 843 889 888 suo
909 825 1036 906 aequali
1058 843 1098 888 ac
1123 834 1284 908 perpetua

194 927 354 992 industria
367 924 584 992 omunstat
626 925 718 1005 Quin
741 927 841 990 etiam
856 926 985 1008 inipso
998 925 1182 989 diutissime
1196 934 1285 992 actm

194 1031 271 1092 vitre
285 1029 348 1092 fine
362 1027 574 1092 disertissimi
589 1028 730 1093 oratoris
744 1026 864 1092 Galbae
888 1029 1095 1092 accusationi
1121 1023 1284 1092 defensio·

192 1149 268 1193 nesn
283 1149 381 1194 snarn
396 1148 458 1212 pro
474 1128 645 1211 Hispania
660 1130 840 1211 opposuit³
852 1133 867 1163 ⁸

235 1229 332 1295 Idem
355 1229 486 1295 Graecis
512 1230 618 1294 literis
645 1229 789 1294 erudiri⁰
822 1233 1035 1313 concupivit:
1069 1251 1171 1313 quam
1196 1251 1284 1309 sero,

193 1332 269 1395 inde
284 1333 502 1407 aestimemus,
526 1331 618 1412 quod
640 1333 738 1396 etium
754 1331 892 1396 latinas
914 1351 1010 1415 paeue
1028 1333 1100 1416 jam
1114 1352 1220 1396 senex
1236 1334 1284 1397 di·

192 1433 286 1496 dicit.
330 1431 482 1514 Cumque
508 1432 696 1513 eloquentia
721 1451 872 1513 magnum
894 1434 965 1518 jarn
991 1434 1129 1515 glorium
1154 1441 1285 1517 partam

192 1532 343 1608 haberet,
359 1533 394 1596 id
408 1535 485 1622 egit,
501 1540 536 1596 ut
543 1531 630 1614 juris
645 1533 753 1598 civilis
767 1553 902 1616 quoque
916 1545 1003 1600 esset
1018 1537 1251 1620 peritissimus.

193 1683 194 1688 1
235 1635 267 1697 2.
290 1633 394 1716 Cujus
426 1632 565 1696 mirifica
588 1631 724 1714 proles,d
752 1637 890 1718 propior
914 1638 1009 1700 retati
1039 1643 1161 1700 nostras
1186 1636 1285 1711 Cato,

194 1733 420 1798 itadoctriuae
437 1733 623 1816 cupiditate
646 1733 812 1816 flagravit,
837 1745 876 1800 ut
898 1740 995 1800 nein
1019 1738 1112 1800 curis
1137 1737 1286 1818 quidem,
1318 1747 1323 1756 “

193 1835 272 1898 dum
298 1845 435 1899 senatus
459 1835 600 1914 cogitur,
626 1841 821 1918 temperaret
848 1839 1015 1920 sibique
1043 1839 1153 1902 minus
1181 1837 1285 1899 libros

193 1934 337 1999 Graecos
356 1935 532 2000 lectitaret.
576 1934 657 2013 Qua
679 1938 813 2019 quidem
837 1937 1001 2002 industria
1025 1937 1182 2013 ostendit,
1206 1935 1285 2000 aliis

193 2045 342 2119 tempora
357 2036 483 2112 deesse,
497 2036 583 2100 alios
597 2038 805 2119 temporibus
820 2049 1020 2120 superesset

234 2137 265 2199 3.
287 2138 460 2201 Terentius
489 2142 597 2201 autem
626 2137 747 2212 Varro,
776 2139 927 2202 humanae
966 2139 1043 2201 vitae
1070 2137 1224 2220 exemplo
1251 2147 1286 2202 ct

193 2241 303 2321 spatio
338 2237 585 2316 nominandus,4
616 2257 683 2301 non
712 2240 820 2314 annis,
852 2240 974 2320 quibus
1001 2239 1117 2304 soecuii
1153 2243 1286 2320 tempus

192 2343 361 2424 aequarit:
383 2359 484 2423 quam
507 2341 594 2423 stylo
616 2341 765 2405 vivacior
780 2340 867 2405 suit!
904 2341 943 2404 ln
966 2341 1082 2404 eodem
1105 2339 1190 2404 enim
1217 2340 1286 2403 lec·

222 2523 233 2556 ⁰
243 2523 367 2572 Terentius
376 2528 454 2572 sem
469 2522 545 2571 Verre
554 2530 666 2586 querere
676 2524 777 2573 iussu
787 2524 838 2572 uite
850 2524 877 2573 iss
887 2481 1019 2573 murres
1029 2520 1107 2570 tedere
1115 2523 1201 2570 deme
1210 2525 1287 2584 petest

188 2601 231 2650 prs
241 2589 345 2650 esempto
355 2586 508 2650 efferesdw
525 2602 571 2636 aas
586 2589 648 2638 nteit
666 2589 764 2650 diutiss,
774 2603 843 2651 μοι
857 2589 980 2638 mendo
996 2587 1082 2649 statere
1100 2587 1215 2648 metr,
1231 2584 1286 2634 ts'est

190 2653 293 2713 spetiem
304 2651 385 2701 aaa
395 2653 532 2714 mestit.

649 2747 825 2767 dmm

191 2837 279 2884 rm.
290 2836 315 2896 j.
325 2847 350 2884 s.
364 2836 465 2896 paster,
475 2833 565 2892 θερί
582 2833 703 2884 Gtsresn.
724 2836 775 2896 legi
797 2836 862 2895 vult,
878 2836 1045 2898 appossit-t
1062 2834 1127 2883 ‘lte
1137 2840 1211 2883 reete
1221 2835 1287 2884 asti·

192 2900 297 2963 quiores
307 2897 378 2962 typis
390 2895 517 2958 expressi,
533 2903 560 2942 er
574 2894 641 2942 Dsu.
655 2903 684 2945 st
694 2898 802 2945 cotem
813 2904 941 2958 testetur3
958 2906 1051 2961 estque
1062 2899 1101 2947 ite
1111 2906 1139 2947 et
1151 2898 1176 2946 in
1189 2899 1287 2948 Brsud.

192 2964 241 3012 nisi
260 2963 328 3027 quod
345 2959 500 3010 amesa
518 2959 560 3007 hie
579 2956 663 3007 deest.
697 2959 804 3020 Pighius
823 2973 855 3006 ex
874 2975 925 3008 uno
942 2960 1034 3023 Csmp.
1046 2962 1095 3009 seri
1116 2963 1163 3009 sit:
1181 2963 1287 3010 samse

191 3028 248 3076 rite
258 3028 396 3090 exesum
415 3021 539 3085 atstisqse
554 3022 673 3084 spetiem
688 3027 716 3070 et
734 3021 897 3080 sonandus,
913 3022 1009 3083 quode
1024 3023 1084 3072 eod.
1102 3025 1146 3070 rito
1158 3023 1240 3084 sbest,
1251 3032 1288 3070 ts·

192 3105 250 3141 rnen
264 3089 379 3140 retinuit.
412 3087 510 3136 Vernus
530 3099 604 3150 quern
623 3085 803 3134 inconcinnum
816 3083 878 3130 iliud
898 3082 979 3130 etatis
993 3085 1095 3144 spetiem
1116 3086 1288 3135 sonandas!

195 3155 255 3204 Non
267 3160 354 3218 potest
364 3152 448 3200 Verso
459 3151 545 3201 eretis
555 3150 666 3212 apetium
679 3148 820 3206 nomineri3
836 3146 882 3196 sed
893 3145 1019 3195 nomissri
1031 3145 1099 3194 idem
1111 3151 1200 3208 potest
1211 3161 1288 3211 prop-

196 3225 237 3266 ter
248 3220 333 3268 oetstis
343 3215 463 3280 apetium.
496 3214 536 3264 Ae
548 3228 596 3277 pre
610 3213 666 3280 ipso
685 3213 728 3262 itio
742 3218 840 3276 propter
849 3211 930 3260 etatis
940 3209 1042 3272 spsts'sss
1053 3209 1170 3258 Valerius
1181 3211 1288 3274 scripsit

192 3283 274 3331 etatis
291 3282 377 3344 spatia
411 3279 535 3329 Abletivu
555 3293 658 3328 seusun
681 3277 808 3338 denotari,
833 3275 895 3326 utun
914 3272 994 3324 nori!
1014 3274 1094 3324 Vorst.
1126 3275 1211 3324 ‘exere
1263 3282 1288 3325 et

191 3348 268 3408 spatio
287 3354 327 3396 est
346 3345 401 3395 iere
418 3345 444 3393 iu
464 3342 580 3392 omnibns
598 3341 708 3393 nostris:
726 3341 820 3404 Ultrsj.
839 3339 915 3404 priru.
935 3338 1063 3401 excerptim
1074 3338 1158 3402 spatia
1217 3339 1287 3406 ltrsj.

686 3465 794 3516 NOTAE

225 3587 236 3620 b
269 3586 393 3636 lsdsstris
427 3579 571 3643 continebat]
607 3578 720 3629 Dieebflt
759 3586 1180 3649 demtrsditciceroiucetune3
1196 3591 1287 3646 scribit

192 3664 316 3725 seriptum
338 3660 386 3710 tibi
413 3672 471 3708 0⁸⁸0
497 3656 719 3716 tommfflifflums
760 3671 845 3712 tsrueu
858 3663 1200 3715 Plutsrchuseurusliteris
1212 3666 1286 3715 Gru·

192 3737 264 3800 eujus
284 3735 424 3800 preceptis
442 3741 470 3783 et
482 3748 553 3784 susm
571 3739 599 3782 et
616 3747 719 3783 suorum
759 3737 797 3786 cis
806 3735 844 3786 its
854 3751 973 3787 seersum
985 3735 1074 3800 fnisse,
1084 3745 1114 3788 ut
1125 3746 1153 3788 et
1163 3737 1243 3787 tilinrn
1255 3740 1288 3788 ab

193 3811 366 3859 valetudinem
379 3807 720 3871 tueretunepiscitisprse·
759 3810 807 3860 huc
826 3813 912 3861 studio
934 3821 1067 3875 ssucsret,
1084 3819 1112 3862 et
1132 3813 1288 3875 prediceret

192 3886 271 3949 cipue
282 3885 337 3936 trec
350 3890 437 3934 erent:
449 3884 508 3934 cibo
516 3882 646 3932 sbstiuere
655 3897 719 3932 uon·
759 3887 889 3938 interdurn
909 3888 1035 3938 &menos
1053 3888 1104 3937 iilis
1116 3887 1226 3938 infectus
1237 3889 1287 3938 dis·

192 3974 279 4024 qustu,
290 3959 360 4010 vesci
370 3957 481 4008 oleribus
496 3965 524 4007 et
536 3971 612 4006 tarne
627 3959 723 4026 suetis,¹
760 3964 862 4030 eipiiuis
871 3964 1007 4013 emissuros
1019 3964 1168 4027 imperinm.

195 4044 239 4084 eut
253 4033 432 4098 percantent
443 4033 549 4096 teporis.
791 4040 928 4105 *Minsscs
946 4041 1035 4104 protes]
1057 4042 1125 4092 Ceto
1146 4042 1286 4108 Uticensis,

226 4111 239 4138 ⁹
250 4112 299 4161 Aa.
311 4113 347 4160 M.
359 4113 432 4158 ³894.
450 4110 493 4158 01.
507 4113 562 4160 ltu.
574 4113 597 4158 t.
614 4109 677 4159 Urb.
689 4111 719 4159 c.
760 4129 812 4166 uon
823 4115 892 4166 iltius
901 4115 977 4178 fitius,
985 4116 1030 4166 sed
1040 4130 1174 4182 pronepos.

195 4189 252 4234 sse.
269 4187 330 4233 Ant.
342 4184 389 4233 Cir.
402 4187 458 4232 1⁶9.
794 4199 805 4244 t
824 4191 873 4240 An.
885 4190 924 4240 Μ.
934 4190 1059 4243 wool.
1072 4195 1128 4242 teo.
1140 4197 1163 4242 2.
1182 4193 1246 4244 Uro.
1258 4195 1287 4244 C.

226 4258 542 4320 eGraecistiterisassidit-r]
577 4259 650 4310 idem
668 4263 721 4326 qni·
761 4269 820 4316 dot.
847 4265 1018 4318 Adtende.
1109 4283 1111 4290 ·
