3180 5120
305 515 543 566 cinximus
568 515 758 564 nonninus
784 517 859 564 raon
886 512 1140 570 numeramus.
1195 500 1260 571 88³

212 654 245 720 8.
267 654 380 722 Fortis
406 653 505 739 hujus
533 675 640 720 mors:
670 656 804 720 illorum
830 657 1039 740 perridicula.
1089 656 1260 723 Cornelius

170 757 259 824 enim
280 755 404 821 Gallus
428 757 614 839 pretorius,
648 765 682 820 et
703 756 742 821 Τ.
771 753 934 822 Haterius
955 776 1059 842 eques
1085 756 1259 822 Romanus

173 856 256 922 inter
270 876 366 922 nsum
386 857 566 940 puerilis¹⁹
587 856 733 922 Veneris
759 859 905 924 absumti
929 863 1014 923 sunt.
1057 856 1261 940 Quanquam

171 977 327 1040 quorsum
342 959 462 1024 attinet
474 977 591 1023 eorum
607 957 853 1036 cavillantem,
876 977 961 1042 quos
982 978 1050 1023 nou
1066 957 1172 1023 libido
1188 974 1262 1034 sua,

170 1058 229 1123 sed
243 1059 430 1141 tragilitatis
444 1059 597 1124 humanae
612 1059 697 1124 ratio
713 1059 869 1124 abstulit!
914 1059 997 1124 Fine
1020 1078 1165 1141 namque
1180 1060 1261 1123 vitan

169 1169 292 1224 nostrae
313 1163 413 1226 variis
436 1169 471 1225 et
495 1161 633 1225 occultis
655 1162 768 1224 causis
790 1160 961 1243 exposito,
984 1159 1158 1238 interdum,
1182 1179 1261 1243 qua·

169 1259 278 1341 [sunt]
300 1263 546 1339 immerentia,²⁰
570 1261 717 1344 supremi
730 1262 790 1324 fati
805 1261 939 1326 titulum
953 1267 1122 1343 ooenpont
1133 1271 1161 1324 :⁴
1185 1279 1262 1324 cum

170 1363 277 1444 magis
297 1362 332 1426 in
354 1369 486 1445 ternpus
501 1363 617 1428 mortis
632 1362 791 1439 incidant,
817 1381 915 1445 quam
930 1362 1039 1444 ipsam
1053 1369 1193 1426 mortem
1211 1380 1262 1424 ar·

171 1467 316 1528 cessant.

621 1595 814 1646 exultans.

214 1710 246 1770 1.
270 1709 355 1775 Sunt
372 1719 408 1775 et
432 1717 580 1781 extemae
603 1721 726 1782 mortes
741 1715 849 1800 digna
874 1724 1049 1784 annotatu-
1093 1713 1214 1793 Qualis
1229 1712 1264 1776 in

172 1811 290 1892 primis
305 1810 434 1891 Comae,
450 1834 548 1900 quem
572 1817 683 1881 terunt
704 1818 844 1881 maximi
860 1818 1024 1882 latronum
1046 1813 1143 1878 ducis
1165 1811 1264 1879 Cleo·

172 1907 284 1976 nis²¹¹‘
305 1913 437 1981 fratrem
453 1917 566 1982 fuisse.
611 1917 648 1980 Is
664 1918 751 1983 enim
765 1918 809 1984 ad
826 1917 1001 2000 Rupilium
1014 1914 1183 1980 consulem
1199 1911 1264 1975 En·

171 2031 262 2093 narn,
278 2034 378 2098 quam
393 2016 570 2100 praedones
586 2026 768 2098 tenuerant,
782 2021 817 2084 in
832 2025 1035 2103 potestatem
1052 2023 1199 2081 nostram
1214 2034 1264 2078 re-

173 2117 346 2194 dactam,²²
360 2117 551 2200 perductus,
567 2140 642 2185 cum
659 2121 701 2184 de
716 2121 844 2186 viribus
865 2129 900 2184 et
920 2119 1096 2185 conatibus
1109 2117 1266 2200 fugitivo·

172 2235 243 2280 rum
258 2217 526 2300 interrogaretur,
542 2225 650 2286 sumto
665 2227 816 2303 tempore
841 2221 885 2286 ad
910 2239 947 2283 se
964 2216 1198 2298 colligendum,
1212 2235 1266 2278 oa-

173 2319 394 2400 pntoperuit3
417 2319 618 2402 innixusque
642 2321 783 2402 genibus
807 2338 1001 2403 compresso
1027 2317 1157 2400 spiritu,
1180 2316 1267 2378 inter

173 2416 268 2499 ipsas
282 2418 456 2485 custodum
468 2440 599 2500 manus,
614 2421 713 2504 inque
724 2427 908 2503 conspectu
920 2418 1041 2486 summi
1051 2416 1194 2498 imperii,
1208 2433 1267 2478 ex-

173 2525 293 2600 optata
305 2522 484 2587 securitate
499 2523 730 2607 acquievitffi
751 2520 944 2606 Torqueant
957 2538 994 2585 se
1007 2518 1130 2593 miseri,
1145 2516 1268 2598 quibus

173 2622 333 2702 extingui,
355 2643 455 2704 quarn
475 2644 650 2707 superesse
676 2623 794 2688 utilius
820 2629 884 2700 est,
914 2620 1085 2704 trepido²4
1106 2623 1139 2679 et
1164 2615 1267 2679 anxio

165 2799 355 2918 ndum
370 2800 487 2861 sudu,
501 2815 552 2860 aaa
566 2804 635 2854 totta
650 2807 711 2856 urar
724 2811 862 2870 meunt,
877 2806 989 2858 &astar
1003 2817 1073 2854 maa
1088 2801 1269 2852 manum

176 3051 264 3086 ornnes
275 3035 340 3086 Mar.
352 3043 380 3086 et
390 3034 464 3086 editt.
476 3040 539 3085 vett.
551 3034 785 3099 tabenql’tghtua,
803 3036 885 3086 sotum
902 3036 998 3086 canen
1013 3043 1126 3094 astutus,
1136 3031 1272 3094 expunxit,

176 3099 222 3149 aed
244 3099 383 3149 Torreuiua
410 3099 553 3148 revocarit.
595 3099 648 3150 Pro
674 3099 792 3150 Hatram
819 3099 918 3164 aliquot
946 3099 1056 3148 Torren.
1083 3095 1272 3144 flavian-2⁰

176 3162 269 3212 Atreb.
288 3169 316 3211 at
332 3161 436 3212 Gambl.
454 3177 506 3225 quur
527 3163 692 3222 martin
711 3169 740 3214 et
755 3165 793 3213 rie
814 3176 880 3212 unna
896 3162 994 3213 Brand.
1015 3168 1043 3212 et
1061 3158 1176 3210 nonnulli
1196 3155 1272 3206 codd.

175 3225 288 3276 Torren.
319 3227 426 3290 quedam
444 3227 591 3276 tumentia
608 3227 700 3292 camp.
720 3233 749 3278 et
770 3227 846 3292 pauci
865 3228 971 3276 Torren.
988 3224 1057 3291 quod
1076 3222 1176 3284 recepit
1195 3219 1271 3282 Pigh.

176 3305 228 3354 φη
238 3290 386 3340 imrrratia
396 3295 452 3340 aaut
462 3290 555 3354 cuper.
565 3306 573 3352 ς
585 3306 636 3356 qao
646 3297 701 3342 naar
710 3291 856 3342 merentia
867 3290 966 3342 Brand.
974 3291 1048 3342 alter.
1060 3294 1089 3337 et
1098 3287 1135 3337 aie
1145 3286 1234 3335 vorat.
1244 3289 1273 3336 et

176 3355 285 3404 Torren.
372 3359 428 3404 rant
439 3369 491 3405 uon
505 3354 601 3406 habent
617 3354 697 3405 Atdd.
709 3355 793 3407 Coun.
805 3355 905 3418 (tryph.
918 3361 946 3406 at
956 3354 1052 3418 steph..
1063 3353 1071 3380 ⁴
1084 3350 1165 3400 Uneia
1182 3347 1273 3426 iuetnai

176 3423 240 3479 ruat,
255 3433 305 3484 quo
336 3418 478 3482 apinrimia
494 3419 577 3482 abeat,
593 3427 622 3470 et
633 3419 768 3472 commoda
780 3417 999 3482 subintelligitur!
1015 3418 1096 3479 Kasp.
1130 3413 1188 3464 Hoc
1199 3413 1273 3462 maht

177 3482 265 3531 delere
284 3483 469 3532 Periaone-fll
485 3483 529 3533 sic
545 3484 608 3534 Vet.
627 3484 701 3546 Mog.
717 3481 812 3547 Uitraj.
825 3488 850 3533 ².
867 3490 896 3533 et
912 3481 1014 3533 Winck.
1042 3478 1163 3530 Proxime
1176 3477 1275 3526 abeunt

178 3547 272 3610 Uitraj.
284 3552 309 3596 1.
321 3554 349 3596 et
358 3547 449 3610 camp.
460 3547 485 3594 in
515 3546 589 3597 uibua
600 3554 640 3597 eat
650 3548 746 3598 Etraraa'a
752 3563 763 3606 ,⁶
783 3547 827 3598 alii
844 3547 921 3598 codd.
933 3561 992 3597 enm
1003 3545 1062 3596 edd.
1075 3549 1138 3593 vett.
1149 3541 1273 3604 Diogenis.

178 3615 242 3659 -22
261 3610 319 3661 Hoc
336 3613 470 3660 revocarit
509 3623 594 3660 orren.
611 3626 670 3660 nanu
691 3611 776 3662 color.
795 3621 823 3665 et
842 3612 931 3664 Vorat.
946 3625 980 3660 ex
995 3625 1044 3659 nuo
1054 3609 1123 3657 Dan.
1136 3605 1272 3665 dederant,

180 3673 399 3731 Enna-..reduetus
419 3674 510 3739 reliqui
529 3673 605 3724 codd.
624 3675 894 3726 Hm...an
922 3673 1004 3728 Pania
1015 3680 1075 3738 past
1088 3672 1181 3733 copes.
1192 3670 1274 3716 maa·

178 3732 1274 3868 manumittuntur*aamrttatuaffttttt:

179 3863 306 3929 iuuptro,
327 3867 396 3917 unde
415 3865 501 3919 Color.
527 3867 555 3916 ta
573 3867 666 3929 trepido
683 3866 814 3930 utrJuncra
832 3875 862 3918 ut
881 3866 909 3918 iu
928 3867 1001 3930 Mag.
1018 3865 1081 3914 Mox
1093 3866 1196 3910 uomet
1208 3857 1275 3906 alter

671 3993 777 4046 NO'l'AE

181 4091 287 4154 quentia
297 4098 345 4154 ert,
356 4092 538 4144 devorabatur.
562 4092 605 4144 Ita
616 4093 710 4144 Cicero
749 4093 819 4144 bello
828 4103 959 4144 aemorum
968 4094 996 4140 at
1007 4083 1111 4151 Rupilio
1120 4081 1178 4132 ride
1188 4079 1234 4131 iib-
1243 4045 1276 4129 ¹¹2

182 4168 349 4306 mantiam]
371 4245 424 4296 Qui
443 4249 607 4314 septuaginta
624 4261 710 4300 servo·
749 4169 906 4300 mittum
916 4243 990 4292 tm.
1006 4235 1050 4290 01.
1063 4238 1117 4288 162.
1130 4237 1153 4284 l.
1170 4227 1234 4282 Urh·
1245 4227 1275 4280 C·

183 4335 237 4372 rum
252 4318 368 4370 miliiain
383 4320 634 4387 Sieiliacollagerat.
667 4325 711 4376 De
749 4325 807 4374 ott.
830 4317 1020 4371 Anacurar.
