3234 5110
584 459 666 510 car.
682 461 715 508 v.
740 457 789 507 nn
810 459 995 510 rusrrrrr·
1265 442 1330 508 635

242 600 492 666 molitionibus*
515 600 557 664 ad
571 601 796 684 principatum
810 601 955 666 Graeciae
969 597 1212 683 capessendum
1225 599 1329 662 nntri-

241 708 310 767 ret:
333 703 548 767 inconcione
568 702 665 778 dixit,
687 702 829 767 ‘hahere
852 721 888 767 se
913 722 981 766 rem
1008 702 1243 766 deliberatione
1267 719 1329 764 sua

241 806 423 886 provisam,
432 824 531 890 quarn
546 805 576 870 si
590 805 722 870 fortuna
734 804 778 869 ad
788 805 940 868 ellectum
953 804 1090 887 perduci
1106 805 1210 886 passa
1225 809 1328 879 esset,

238 905 321 969 nihil
336 907 446 989 majus
462 915 521 970 aut
534 906 707 990 potentius
722 903 916 969 Atheniensi
932 905 1059 988 populo
1075 905 1241 969 futurum:
1263 903 1326 968 sed

241 1024 314 1070 earn
330 1007 456 1090 vulgari
469 1026 532 1071 non
547 1004 721 1092 oportere-⁹
751 1007 1021 1088 Postulavitqne‚
1038 1005 1239 1089 ‘nt'aliquis'
1249 1003 1327 1083 sibi,

241 1107 298 1170 cui
319 1109 411 1171 illam
432 1107 533 1172 tacite
556 1114 748 1190 exponeret,
772 1105 936 1172 daretnrt’
959 1107 1057 1170 datus
1081 1114 1135 1171 est
1150 1105 1328 1170 Aristides.

241 1203 277 1269 Is
292 1213 472 1297 postquem
498 1205 695 1287 cognorit,³8
722 1207 867 1266 classem
889 1207 985 1266 illum
998 1214 1024 1256 ³⁹
1054 1207 1330 1271 Lacedaemonio-

238 1325 320 1382 rum,
336 1311 411 1390 quae
427 1314 498 1370 tota
519 1305 611 1386 apnd
634 1303 813 1387 Gythaeum
825 1309 853 1350 4⁰
882 1305 1047 1368 subducta
1066 1316 1149 1383 erat,
1175 1309 1261 1373 velle
1280 1309 1329 1371 in-

240 1408 393 1484 cendere,
418 1412 454 1470 ut
478 1412 721 1470 ea'consumta
743 1404 925 1469 dominatio
950 1406 1052 1470 maris
1073 1407 1159 1489 ipsis
1179 1409 1329 1488 cederet:

239 1507 402 1592 processit
416 1506 460 1571 ad
473 1507 578 1584 cives,
594 1515 629 1571 et
643 1507 791 1582 retulit,4¹
815 1505 1092 1571 ‘Themistoclem
1108 1516 1145 1573 ut
1157 1510 1236 1573 utile
1250 1528 1330 1574 con·

240 1608 364 1684 silium,
378 1609 426 1672 ita
439 1609 571 1672 minime
582 1608 713 1692 justum
727 1609 841 1672 animo
856 1607 1010 1672 volvere!
1054 1609 1084 1671 E
1100 1610 1241 1692 vestigio
1255 1613 1331 1674 uni-

238 1728 340 1775 versa
374 1710 494 1773 concio
528 1710 620 1794 quod
658 1730 792 1793 aequum
815 1729 882 1774 non
901 1711 1079 1790 rideretur,
1101 1731 1142 1774 ne
1170 1711 1330 1793 expedire

240 1810 372 1893 quidem
399 1811 631 1893 proclamavit,
658 1831 700 1876 ac
728 1812 880 1895 protinus
904 1811 1166 1876 Themistoclem
1195 1814 1330 1896 incepto

241 1909 405 1974 desistere
416 1910 542 1994 jussit.t

280 2010 314 2076 3.
338 2010 508 2076 Nihilillis
517 2013 617 2077 etiam
628 2012 772 2096 justitiae
783 2014 947 2097 exemplis
960 2013 1088 2078 fortius.
1121 2013 1331 2092 Zaleucus,4²

238 2111 319 2176 urbe
344 2113 559 2178 Locrensium
584 2134 656 2179 aee
671 2115 896 2179 saluberrimis
921 2123 1022 2198 atque
1042 2115 1229 2178 utilissimis
1249 2115 1331 2196 legi-

238 2211 303 2276 bus
330 2215 468 2291 mnnita,
487 2234 564 2280 curn
586 2213 676 2280 filius
700 2215 772 2299 ejus
797 2216 952 2280 adulterii
981 2216 1116 2280 crimine
1143 2215 1331 2292 damnatus,

241 2314 424 2378 secundum
441 2317 499 2399 jus
515 2317 558 2381 ab
577 2319 654 2400 ipso
677 2319 905 2393 constitutum,
923 2303 1067 2400 'utroque
1092 2317 1192 2382 ocule
1218 2335 1330 2381 carere

239 2412 385 2492 deberet,
400 2434 440 2479 ac
465 2421 537 2480 tota
554 2416 675 2482 civitas
699 2419 734 2481 in
748 2418 904 2483 honorem
919 2420 1027 2502 patris
1035 2426 1060 2466 4³
1092 2439 1201 2502 poenae
1217 2437 1331 2482 neces·

241 2511 378 2581 sitatem
405 2517 656 2584 adolescentulo
681 2521 875 2597 remitteret,
888 2520 1096 2604 aliquamdiu
1124 2519 1331 2602 repugnavit.

238 2613 296 2680 Ad
317 2619 470 2684 ultimum
492 2623 651 2702 precibus
674 2623 794 2707 populi
808 2623 981 2700 erictus,⁴4
1001 2641 1064 2686 sno
1088 2621 1192 2706 prius,
1211 2619 1331 2683 deinde

238 2715 300 2781 tilii
315 2720 415 2783 oculo
430 2728 532 2799 eruto,
547 2743 644 2787 usum
657 2724 790 2789 videndi
804 2725 934 2807 utrique
948 2725 1088 2806 reliquit.
1118 2723 1174 2786 Ita
1184 2722 1331 2786 debiturn

239 2820 401 2903 supplicii
425 2822 560 2885 modum
585 2825 648 2905 legi
674 2825 826 2904 reddidit,
851 2827 1018 2908 aequitatis
1042 2822 1231 2888 admirabili
1246 2830 1330 2886 tem-

709 2986 876 3008 mm

239 3089 282 3132 tur
300 3083 363 3131 illud
382 3093 522 3145 pronomen
541 3097 574 3132 re.
606 3082 708 3132 Deinde
727 3086 759 3132 nd
777 3083 886 3148 φάνη
901 3083 1000 3144 produci
1017 3081 1104 3131 Bitnr.
1123 3085 1214 3131 1.-38
1231 3082 1331 3131 Decem

239 3145 315 3196 codd.
325 3147 433 3195 'l'orreu
447 3161 505 3196 cunr
517 3147 589 3210 Meg.
607 3149 815 3206 recognocit—tlt
831 3149 874 3197 Sic
885 3147 990 3209 Pighius
1008 3159 1067 3194 curn
1086 3145 1185 3209 aliquot
1205 3145 1267 3196 bles.
1285 3147 1329 3210 qni

240 3209 335 3272 pertint
353 3209 556 3260 trebentensem
566 3211 699 3261 idumeum
712 3212 782 3274 Meg.
815 3211 937 3260 Nonnulli
949 3224 1006 3259 curn
1016 3209 1074 3259 eliis
1085 3209 1150 3259 edit.
1169 3224 1221 3258 eura
1235 3211 1332 3259 cum

238 3275 378 3324 itinn-to
394 3275 465 3324 Unus
478 3274 551 3324 bert.
561 3275 667 3338 digram.
685 3275 781 3339 Ultrrj.
793 3276 868 3338 print.
882 3275 1004 3324 Gitbeetm.
1029 3273 1108 3337 Apud
1119 3275 1173 3323 Liv.
1186 3274 1217 3322 L.
1228 3286 1331 3325 xxm.

238 3341 279 3388 78.
293 3339 523 3402 Gythionlcgitur.
555 3340 607 3388 Sed
627 3340 746 3389 similiter
763 3341 842 3389 etiarn
860 3337 929 3401 apud
941 3339 1047 3388 Grecos
1065 3338 1141 3387 modo'
1152 3336 1239 3398 Γύθιον,
1255 3337 1332 3386 modo

239 3404 331 3452 Μεῖον
346 3401 399 3451 dici
418 3404 589 3452 observarunt
608 3403 655 3452 riri
674 3403 753 3453 docti.
784 3403 852 3452 Vide
863 3401 889 3453 J.
900 3403 1008 3451 Menrrii
1024 3402 1328 3451 Miec.ch.1v.6.-4l

240 3465 316 3516 Herse
328 3466 528 3517 concinnitatem
540 3467 633 3529 Pighlo
644 3467 774 3516 debemur.
796 3466 861 3516 Post
869 3465 962 3514 Aldorn
974 3465 1043 3515 enirn
1051 3466 1201 3528 legebatur:
1217 3467 1331 3528 procem

239 3531 271 3578 ed
281 3530 374 3580 etmel
382 3531 440 3593 ipris
449 3531 540 3580 retulit.
572 3531 624 3581 Sed
634 3531 693 3594 ipris
704 3532 829 3580 omittunt
840 3529 968 3579 editiones
984 3531 1028 3578 illo
1044 3531 1202 3594 antiquiores
1219 3535 1248 3577 et
1265 3529 1330 3580 bles.

239 3593 322 3642 Paulo
333 3602 391 3655 poet
401 3608 447 3657 pro
458 3596 550 3656 incepto
560 3595 679 3656 derbiae,
695 3595 766 3644 bled.
777 3609 830 3643 ree.
841 3593 870 3642 ab
887 3594 977 3656 incepto
992 3593 1176 3643 desistere—⁴2
1192 3591 1235 3641 Sic
1257 3599 1329 3642 recte

240 3656 311 3721 Meg.
323 3658 431 3707 Medici.
443 3659 604 3708 Ascentlld.
614 3659 697 3709 Colln.
709 3667 736 3707 et
747 3658 866 3722 plerique
876 3657 941 3707 Mes.
948 3657 1015 3708 edit.
1022 3659 1089 3705 Ven.
1100 3656 1218 3706 netem
1227 3655 1330 3720 (tryph

239 3727 267 3770 et
278 3720 443 3785 Rob.Steph.
458 3722 577 3772 huna.
609 3722 687 3774 Quod
706 3728 810 3771 secutus
828 3728 869 3771 est
889 3722 1002 3783 Pighius,
1018 3721 1128 3769 mutarit
1146 3721 1329 3770 (telerna-dt

238 3783 326 3835 Verba
336 3785 363 3835 ia
372 3787 563 3850 bmmprtrir
574 3786 669 3838 desunt
680 3787 706 3835 in
716 3787 856 3836 lieri—tl
874 3785 947 3835 idern
966 3784 1059 3848 codex,
1074 3783 1158 3834 οἰαω.
1192 3783 1255 3833 Mox
1271 3797 1329 3847 rep-

731 3909 839 3960 NOTAE

269 4027 280 4055 r
307 4021 465 4071 clandestinis
488 4022 661 4086 molitbatbee]
693 4025 764 4074 Dum
804 4023 967 4074 llleleuco
978 4020 1053 4071 libr.
1064 4034 1089 4070 c.
1100 4025 1123 4069 ².
1134 4023 1193 4070 nl.

238 4099 295 4162 ipre
307 4096 516 4148 Βιοοάιωοηίοι
533 4100 636 4163 legetur
654 4099 763 4162 deludit,
835 4107 846 4152 t
863 4102 913 4151 An.
924 4101 963 4151 Μ.
973 4103 1046 4149 7777.
1069 4097 1112 4148 01.
1124 4102 1165 4148 76.
1176 4101 1202 4148 t.
1225 4096 1288 4149 Urh.
1299 4099 1328 4149 c.

241 4174 368 4235 percurrit
390 4174 442 4222 sni·
464 4182 493 4224 nt
511 4180 540 4224 et
559 4175 648 4224 urbem
672 4181 701 4224 et
721 4175 764 4226 Pi·
803 4179 862 4227 m.
877 4173 1067 4226 Anconae

241 4261 319 4298 rnnrn
334 4263 405 4300 muro
419 4249 564 4315 cingerent.
595 4250 638 4302 lta
648 4251 764 4316 lirncyd.
