3234 5110
375 455 458 506 ost.
475 455 513 504 rr.
537 453 586 504 ne
608 435 748 505 ursana
773 457 895 508 ntorts
917 458 995 528 sor
1019 459 1159 508 rsorrs.
1243 439 1310 506 699

219 599 335 683 iuquit,
356 597 541 677 ‘Quirites
556 599 750 676 acclamate,
776 598 856 662 dunt
881 597 981 665 licet:
1005 599 1078 683 jam
1103 601 1191 665 enim
1206 601 1306 666 vobis

218 699 354 782 impone
364 700 475 766 facete
487 720 553 764 uon
565 699 699 765 licebit:
709 707 732 746 ³¹
771 699 915 766 Pulsata
929 710 983 765 est
997 707 1075 766 tirno
1089 702 1207 766 eximii
1219 703 1306 769 civis

215 801 392 885 potentiat
413 801 490 868 bine
511 802 678 868 invidiosa
692 805 836 887 querela,
859 804 937 868 hinc
955 804 1192 870 lamentatione
1208 805 1307 870 mise-

216 903 365 968 rabilis*

257 1007 290 1070 7.
314 1005 377 1070 Oui
391 1003 535 1071 eandida
561 1005 670 1071 fuscia
684 1026 763 1072 erus
776 1005 948 1090 alligatum
969 1009 1106 1073 habenti
1121 1007 1305 1086 Favonius,

216 1105 322 1170 ‘Non
340 1106 459 1186 refert,'
480 1109 599 1191 iuquit,
615 1113 702 1193 ‘qua
726 1110 761 1174 in
785 1116 877 1193 purte
899 1111 1049 1193 comonis
1063 1109 1108 1175 sit
1121 1111 1275 1176 diadema
1286 1110 1306 1189 ς’

214 1209 327 1290 exigui
340 1209 442 1292 panni
457 1210 674 1284 cavillatione,
686 1213 794 1292 regias
808 1213 842 1273 ei
854 1211 943 1274 vires
954 1219 980 1258 ³²
1002 1213 1219 1295 exprobrans.
1256 1209 1305 1276 At

213 1309 243 1371 is
258 1315 372 1374 neutra
386 1311 422 1373 in
436 1313 565 1390 parte³³
592 1313 718 1372 mutato
731 1309 839 1384 vultu,
862 1315 1155 1393 utrumqueeavit,
1180 1333 1223 1378 ne
1245 1317 1305 1376 aut

212 1408 309 1474 bileti
323 1409 431 1473 fronte
444 1409 586 1471 libenter
599 1425 782 1490 agnoscere
807 1410 1005 1492 potentiam,
1031 1419 1091 1476 aut
1115 1415 1198 1477 tristi
1218 1415 1304 1480 irum

211 1511 360 1592 profiteri
375 1509 557 1574 rideretur:
579 1527 686 1592 eaque
708 1509 878 1593 patientia
899 1510 1067 1576 inferioris
1089 1513 1190 1576 etiam
1205 1533 1303 1595 gene-

211 1611 259 1674 ris
284 1614 319 1674 et
339 1609 477 1674 lortunae
501 1609 691 1704 hominibus
716 1610 843 1676 aditum
867 1611 1029 1676 adversus
1052 1632 1090 1678 se
1116 1613 1234 1679 dedit*
1274 1613 1305 1678 E

213 1731 353 1794 quornm
369 1711 468 1778 turba
481 1711 569 1776 dnos
584 1713 737 1778 retulisse
754 1714 884 1778 abunde
898 1714 973 1780 erit.

255 1811 287 1878 8.
310 1811 498 1877 Helvins³⁴
520 1813 657 1880 Mancia
673 1814 883 1895 Formianos,
897 1816 1043 1882 libertini
1057 1813 1159 1894 filius,
1182 1817 1304 1884 ultimae

212 1915 404 1992 senectutis,
430 1915 471 1980 1..
500 1913 690 1982 Libonem*
720 1918 812 2002 apud
837 1937 994 1984 censores
1022 1920 1218 1985 accusabat.
1260 1919 1303 1984 In

215 2033 283 2099 qno
310 2017 492 2081 certamine
521 2037 596 2082 cum
626 2019 811 2102 Pompeius
841 2019 994 2104 Magnos,
1019 2019 1244 2088 humilitatem
1269 2021 1302 2085 ei

213 2123 413 2202 aetatemque
428 2121 649 2203 exprobrans,
672 2123 737 2186 ‘ab
762 2119 883 2188 Inferis
903 2119 1000 2188 illum
1015 2120 1060 2186 ed
1075 2121 1304 2187 accusandum

210 2217 405 2284 remissum'
434 2219 593 2287 dixisset:
652 2221 753 2288 ‘Non
778 2221 949 2302 mentiris,'
971 2220 1090 2306 inquit,
1116 2224 1301 2307 ‘Pompei3

208 2322 310 2386 venio
325 2321 415 2386 enim
430 2323 472 2388 ab
489 2321 628 2405 Inleris3
650 2322 687 2389 in
700 2325 740 2390 1..
756 2323 918 2390 Libonem
941 2330 1118 2391 accusator
1128 2331 1153 2373 ³⁵
1179 2325 1299 2392 vardo:

240 2490 661 2555 ‘PotenttsPonpsiicisiseeisrii
676 2492 733 2542 taes
749 2491 1301 2556 er,ets1.estetoqamrstsetstm‚m

206 2554 270 2620 ‚tete
280 2555 443 2606 uaedam
459 2556 596 2608 nbndili.

207 2725 255 2764 nec
266 2713 595 2779 dtsptteet'rorrento.-st
613 2717 755 2769 Sleomnes
772 2717 843 2784 typlr
862 2719 989 2783 expressi,
1004 2717 1066 2769 itetn
1085 2717 1180 2783 Copae.
1202 2715 1300 2784 Ultrtp'.

206 2781 233 2829 2.
244 2786 272 2830 et
283 2782 403 2831 Perizon.
413 2783 494 2833 ceteri
505 2784 613 2833 ronse.
623 2783 727 2844 babent,
741 2797 788 2834 nort
799 2785 855 2834 lieet
862 2799 872 2841 ,·
888 2783 957 2846 qnod
976 2789 1061 2832 ortum
1078 2780 1187 2832 sortasse
1204 2798 1237 2832 ex
1257 2799 1299 2848 eo,

207 2844 276 2908 qnod
296 2845 406 2909 praet‘ert
426 2846 521 2910 Ultraj.
538 2850 562 2896 l.
576 2861 624 2895 son
642 2847 727 2896 tuest.-
743 2846 804 2897 Job.
820 2846 917 2895 sarisb.
936 2845 1091 2894 licebit-dl
1105 2845 1149 2895 Sic
1161 2847 1299 2898 Torreniur

201 2908 346 2975 edidltpro
357 2911 406 2970 ejas
415 2911 485 2961 eirea
506 2909 584 2959 ntuttt
596 2909 671 2959 codd.
682 2923 740 2958 eunt
748 2909 810 2959 Vet.
821 2917 850 2958 et
860 2909 933 2972 Meg.
944 2909 993 2970 das
1004 2925 1052 2963 res.
1063 2909 1132 2972 qnod
1141 2919 1223 2961 ortum
1233 2913 1298 2962 enei

206 2973 283 3032 uires:
309 2974 382 3024 beid.
402 2979 428 3026 1.
443 2976 571 3037 open-88
589 2972 709 3022 Perizon.
728 2972 801 3022 malit
818 2978 926 3022 neutrum
943 2973 969 3021 irs
989 2978 1088 3036 portem.
1119 2973 1183 3024 Mox
1200 2977 1299 3027 &enter

205 3036 282 3088 deest
293 3037 319 3085 in
330 3037 429 3086 Medic.
441 3041 465 3087 1.
498 3035 553 3086 Pro
565 3036 634 3085 tristi
644 3036 706 3085 born
716 3037 777 3086 Vet.
789 3037 929 3086 tustinum.-
945 3051 994 3101 pro
1009 3035 1131 3096 inferioris
1148 3037 1300 3090 liarl.rnt'se·

200 3101 351 3151 mett
368 3099 477 3164 Aliquot
487 3099 563 3149 codd.
577 3099 671 3163 Heliae,
688 3101 730 3149 rel
745 3100 816 3150 Elius
832 3099 983 3165 presserunt.
1015 3100 1178 3150 Burmannus
1189 3101 1302 3166 dubitet,

204 3179 239 3214 sn
252 3172 352 3214 reetnru
363 3164 398 3214 rit
410 3163 529 3224 Heinius,
545 3171 573 3215 et
585 3179 635 3214 nen
647 3163 735 3229 petius
751 3163 924 3227 scribendam,
940 3162 1051 3225 Helvius,
1070 3165 1111 3214 rel
1121 3165 1207 3216 AElt'a
1237 3165 1298 3217 flet-

203 3229 258 3280 nirrr
270 3229 374 3280 ridetur
383 3231 461 3279 etism
472 3229 566 3294 legisse
577 3229 608 3279 Ρ.
620 3230 768 3293 leopardus
779 3229 888 3280 Emend.
900 3230 945 3279 lib.
955 3241 1000 3278 xv.
1010 3241 1034 3277 o.
1045 3232 1084 3278 17.
1111 3229 1191 3279 AElisr
1204 3231 1300 3281 Maca

203 3293 246 3343 bic
262 3292 400 3357 legebatur
416 3303 476 3343 ante
487 3293 616 3358 Pigblatn.
648 3294 722 3345 beid.
739 3295 824 3358 quint.
841 3295 955 3351 Febrim
971 3292 1066 3356 Ultrej.
1083 3293 1159 3357 prim.
1178 3295 1299 3355 Helnistr

199 3357 263 3418 ¹doh.
273 3357 401 3408 sarisber.
417 3358 593 3408 Helvius—⁸⁶
610 3358 618 3385 ‘
633 3358 678 3408 die
697 3367 809 3424 uterque
828 3359 928 3409 Braud.
947 3357 998 3408 duo
1016 3356 1140 3408 Gronorii
1158 3359 1228 3421 libri,
1244 3359 1298 3411 Bit.

204 3421 279 3485 prim.
289 3422 370 3472 aare.
382 3424 454 3472 Leid.
467 3429 550 3487 quart.
561 3421 643 3488 quint.
654 3429 722 3472 sext.
741 3430 809 3486 sept.
828 3423 911 3473 Petis.
924 3423 1017 3486 Copes.
1026 3422 1095 3472 Uitr.
1104 3423 1180 3488 prim.
1197 3424 1297 3476 Donat.

204 3487 339 3536 alternum
351 3486 870 3551 venn.1t1eetot.Ascens.negatore.
904 3485 976 3551 Lips.
989 3493 1105 3552 utraque.
1139 3489 1173 3538 Et
1186 3487 1259 3538 sicle
1286 3495 1298 3539 t

201 3550 573 3616 qnoqueJo.8srisberlensir.
605 3549 684 3602 Multi
696 3551 739 3600 alii
752 3553 789 3602 M.
801 3552 832 3604 1..
842 3551 953 3602 biberen
963 3558 1083 3601 mter
1093 3552 1250 3610 emiorum
1290 3589 1298 3605 .

204 3621 287 3665 ortum
307 3622 350 3666 ert
367 3630 401 3666 ex
418 3617 453 3666 is.
487 3615 536 3666 Ed.
546 3615 684 3666 Veneti..
696 3614 818 3678 Is'bwn,
834 3621 876 3680 ipe.
910 3615 992 3665 Nlbili
1011 3631 1072 3680 ergo
1091 3624 1140 3677 est,
1155 3615 1223 3679 qnod
1242 3618 1296 3667 edi·

203 3679 286 3730 tiones
296 3681 464 3743 recentiores,
479 3679 635 3730 'l'orrenisns
645 3689 769 3744 excepta,
784 3695 839 3744 prre
850 3695 878 3731 re
888 3677 986 3744 serant,
1004 3680 1035 3731 L.
1053 3681 1296 3732 ubertarem*

693 3807 803 3858 Now
846 3843 858 3862 .

233 3907 249 3936 ·
265 3903 363 3956 sunt.
375 3907 448 3954 9998.
464 3903 509 3954 Ol.
519 3908 577 3954 181.
588 3908 611 3953 1.
621 3904 686 3955 Urb.
698 3903 727 3954 C.
768 3905 844 3955 Bruti
855 3905 985 3969 partibus,
1000 3902 1033 3953 ad
1053 3903 1092 3954 Μ.
1109 3901 1250 3954 Antonium
1266 3919 1295 3956 rs

201 3987 258 4034 991.
276 3981 339 4032 Ant.
351 3979 400 4030 Cb.
411 3985 452 4029 ts.
767 3981 892 4041 eontulit;
917 3980 990 4043 eujus
1020 3993 1102 4043 opera
1125 3979 1293 4032 Comnlstan

234 4065 247 4111 t
262 4057 357 4108 tent.
366 4059 440 4106 9998.
456 4056 501 4106 ol.
513 4061 570 4106 tet.
583 4061 606 4107 1.
619 4055 684 4108 trra.
696 4057 726 4110 0.
767 4054 877 4118 adeptus
886 4059 938 4104 est.

200 4136 259 4185 dm.
276 4133 336 4184 net.
348 4133 395 4182 Cb.
406 4135 448 4181 dd.
682 4171 684 4178 .
799 4135 811 4187 i
828 4128 879 4179 An.
890 4129 929 4178 Μ.
940 4131 1014 4179 9999.
1032 4127 1076 4180 01.
1089 4133 1145 4182 tet.
1152 4135 1177 4182 2·
1187 4131 1250 4184 vrb.
1259 4133 1291 4184 C.

233 4207 245 4245 ἱ
261 4208 292 4258 b.
303 4207 423 4273 bibenant]
434 4209 475 4258 Ex
485 4207 621 4258 Scribonia
637 4217 724 4274 geute,
766 4211 824 4260 999.
836 4206 898 4257 Ant.
909 4207 957 4258 Cb.
966 4209 1008 4256 tt.

200 4284 255 4352 qul,
281 4283 356 4334 vietis
387 4293 441 4335 tuus
470 4283 590 4350 Pompeii
611 4291 665 4336 tunt
684 4288 723 4337 11.
