3234 5100
313 435 380 502 674
540 469 545 480 ·
602 441 758 494 raanan
783 440 930 490 urxrur
954 440 1028 492 arn.
1052 440 1116 491 vu.

761 627 953 678 nxn'nRNA.

355 771 387 836 1.
408 768 555 852 Tempus
569 762 699 829 deficiet
714 762 898 828 domestica
910 769 1098 828 narrantem
1108 769 1146 827 :²⁷
1168 761 1327 845 quoniam
1340 763 1404 828 im·

312 872 439 956 perium
461 875 608 932 nostrum
629 883 696 929 non
720 869 787 929 tam
811 863 930 929 robore
953 883 1141 946 corporum,
1156 849 1257 946 quam
1278 864 1405 930 animo-

312 992 383 1038 rum
395 973 508 1052 vigore
519 971 751 1032 incrementum
763 983 804 1028 ac
817 964 952 1028 tutelam
966 964 1019 1028 sui
1031 962 1290 1045 comprehendit.
1329 961 1404 1026 Ma.

307 1075 382 1158 jore
397 1074 511 1154 itaque
525 1088 569 1134 ex
584 1073 682 1150 parte
700 1064 855 1129 Romana
875 1062 1054 1147 prudentio
1066 1064 1103 1127 in
1116 1062 1336 1128 admiratione
1353 1068 1403 1128 te-

311 1175 380 1240 cita
400 1176 592 1254 reponatur,
606 1165 870 1248 alienigenisque
888 1166 987 1248 hujus
1009 1164 1140 1246 generis
1162 1162 1325 1246 exemplis
1345 1161 1405 1228 do·

310 1279 362 1338 tur
387 1272 505 1337 editus.
548 1267 707 1333 Socrates
729 1265 885 1330 humanm
910 1265 1088 1348 sapientiae
1116 1265 1212 1348 quasi
1236 1263 1402 1346 quoddam

312 1378 464 1438 terrestre
478 1370 661 1448 oraculum,
677 1365 778 1431 ‘nihil
799 1366 887 1430 ultra
907 1366 1086 1448 petendum
1102 1384 1123 1429 a
1139 1365 1214 1429 Diis
1236 1364 1402 1430 immorta-

311 1471 418 1537 libus'
431 1471 666 1546 arbitrabatur,
680 1471 801 1549 ‘quam
816 1471 852 1529 ut
870 1467 959 1530 bona
981 1467 1180 1544 tribuerent3
1202 1464 1282 1547 quia
1303 1465 1328 1528 ii
1342 1465 1400 1528 de-

310 1593 402 1638 mum
423 1574 545 1637 acuent
567 1569 648 1654 quid
673 1567 854 1650 unicuique
868 1574 959 1632 esset
983 1567 1087 1633 utile:
1109 1585 1172 1630 nos
1194 1573 1306 1630 autem
1328 1567 1400 1650 ple-

311 1691 451 1755 rumque
473 1671 507 1734 id
531 1670 619 1735 votis
643 1666 837 1750 expetere,²⁸
859 1668 949 1751 quod
972 1687 1040 1734 non
1063 1669 1259 1751 impetrasse
1281 1665 1401 1732 melius

311 1772 416 1838 soret?
448 1771 579 1836 Etenim
612 1769 819 1834 densissimis
847 1770 990 1835 tenebris
1026 1769 1181 1834 involuto
1212 1767 1401 1836 mortalium

311 1892 414 1949 mens,
429 1873 464 1935 in
481 1891 583 1954 quam
603 1872 673 1936 late
694 1875 848 1952 patentes
870 1889 994 1936 errores
1003 1877 1032 1921 ²⁹
1052 1889 1166 1934 caecas
1189 1870 1400 1953 precationes

309 1975 385 2036 tuas
401 1971 552 2054 spargis!
595 1971 744 2036 Divitias
759 1971 907 2053 appetis,
923 1991 998 2053 quaa
1006 1970 1119 2036 multis
1130 1971 1234 2034 exitio
1248 1970 1398 2036 fuerunte

309 2072 450 2138 honores
486 2071 711 2155 concupiscis,
740 2072 800 2154 qui
834 2072 1026 2154 complures
1060 2069 1353 2154 pessumdederunt
1364 2078 1400 2134 :¹⁰

309 2193 411 2253 regna
432 2179 543 2238 tecum
556 2173 631 2256 ipsa
646 2171 781 2246 volvis!
798 2191 935 2254 quornm
956 2173 1069 2238 exitus
1091 2191 1323 2254 saepenumero
1337 2172 1399 2236 mi·

309 2273 468 2336 serobiles
482 2280 673 2338 cernuntur:
695 2271 881 2355 splendidis
895 2273 1055 2358 conjugiis
1069 2273 1182 2355 injicis
1197 2285 1344 2350 manus}
1366 2277 1400 2338 at

309 2371 382 2434 haec
397 2376 434 2433 ut
449 2369 630 2451 aliquando
653 2371 828 2448 illustrant,
842 2373 893 2434 ita
913 2391 1149 2454 nonnunquam
1171 2373 1318 2441 funditus
1339 2373 1400 2438 do·

308 2489 381 2533 mos
406 2474 565 2534 evertunt.
611 2469 733 2533 Desine
755 2470 853 2551 igitur
877 2472 977 2536 stulta
996 2471 1114 2537 suturis
1138 2473 1300 2536 malorum
1322 2480 1397 2535 tuo·

307 2588 378 2632 rnm
404 2570 528 2645 causis,
552 2568 649 2652 qnasi
669 2567 873 2634 felicissimis
894 2573 1004 2648 rebus,
1019 2571 1153 2648 inhiare,
1168 2577 1271 2653 teque
1292 2576 1397 2636 totam

308 2669 496 2732 coelestium
512 2669 650 2733 arbitrio
664 2671 833 2752 permitte:
856 2675 939 2756 qnia
951 2674 1009 2755 qui
1023 2674 1162 2736 tribuere
1182 2675 1273 2736 bona
1288 2691 1333 2735 ex
1346 2671 1396 2736 sa·

307 2769 363 2835 cili
378 2770 498 2847 solent,
514 2771 615 2834 etiam
629 2771 748 2852 eligere
763 2773 939 2853 aptissime
952 2781 975 2820 ³¹
1002 2775 1163 2856 possuntt

351 2869 447 2932 Idem
462 2869 645 2952 ‘expedita
657 2875 690 2933 et
704 2872 956 2953 compendiaria
969 2874 1026 2938 via
1040 2893 1101 2938 eos
1115 2874 1158 2936 od
1173 2874 1307 2956 gloriam
1323 2891 1399 2959 per·

307 2969 436 3033 venire’
451 2970 594 3048 dicebat,
611 2971 688 3054 ‘qui
712 2972 747 3036 id
773 2981 920 3054 agerent,
942 2979 978 3037 ut
1002 2977 1121 3055 quales
1139 2974 1244 3038 videri
1266 2975 1396 3054 vallent,

306 3072 390 3134 tales
406 3071 507 3135 etiam
527 3071 659 3136 essent?
702 3070 782 3149 Quo
796 3070 929 3153 quidem
949 3074 1187 3154 praedicatione
1202 3083 1313 3159 aperte
1325 3095 1396 3140 mo·

333 3284 350 3328 s
363 3286 489 3336 Meditor&
499 3291 609 3352 qmmodo
618 3291 709 3352 regiam
719 3295 859 3353 potestatem
870 3290 953 3342 laerte
962 3291 1045 3356 poue.

336 3350 480 3400 ‘Ardeates
489 3353 580 3416 oppetis
589 3355 709 3417 splendida
717 3356 835 3417 maingis.

765 3495 947 3516 W

306 3583 399 3634 Leidd.
411 3590 436 3636 1.
446 3592 470 3637 6.
482 3589 577 3654 Ultraj.
589 3597 613 3641 Β.
626 3592 716 3657 Coper.
728 3597 756 3641 et
767 3593 847 3642 Barla.
857 3598 882 3644 θ.
893 3594 1078 3644 sommi—28
1095 3595 1167 3646 Laid.
1177 3600 1202 3646 4.
1214 3604 1241 3646 et
1253 3597 1313 3648 Vct
1326 3611 1396 3662 expe·

305 3653 428 3728 tumr·
439 3651 535 3702 Medic.
550 3660 572 3705 1.
588 3659 613 3705 n.
699 3657 778 3714 iram
795 3657 891 3721 Ultrsj.
904 3662 929 3707 1.
945 3663 1053 3721 πρόιτε
1071 3661 1182 3717 otram
1199 3661 1295 3724 Ultraj.
1313 3665 1337 3710 2.
1353 3676 1394 3709 ex·

303 3717 832 3844 ”amalasuenta
842 3721 963 3834 istil
973 3721 1398 3848 tlenulrt‘tatnuttt

305 3835 373 3888 torta
381 3855 516 3903 operarum
525 3849 686 3895 errore-8⁰
698 3845 729 3893 ln
739 3846 781 3900 ed.
789 3848 1320 3913 Torrenirnavluorapemsoedereo.-tr
1334 3851 1395 3901 Vct.

305 3907 332 3945 et
344 3899 405 3952 Alo.
416 3907 556 3967 apuam
573 3910 640 3972 qood
653 3909 760 3968 Pighius
772 3917 799 3959 et
810 3911 852 3958 alii
865 3913 1026 3961 retinuerunt
1040 3929 1047 3961 r
1063 3927 1152 3962 verum
1163 3915 1282 3976 cuimine
1298 3913 1393 3962 habent

305 3959 402 4014 Brand.
415 3972 438 4016 1.
449 3975 473 4018 2.
486 3978 513 4020 et
524 3980 584 4021 octo
595 3972 672 4022 codd.
681 3967 789 4024 Torren.
800 3988 857 4022 cunr
869 3975 938 4038 llog.
948 3977 1055 4027 Vanelt.
1067 3975 1173 4027 Medici.
1184 3977 1270 4028 Chalc·
1282 3975 1393 4038 Herbip.

796 4115 903 4166 NOTAE

462 4223 474 4274 t
493 4217 544 4269 An.
562 4223 600 4272 Μ.
612 4226 684 4272 86⁵⁰.
702 4223 746 4274 01.
758 4229 799 4276 et.
812 4231 835 4278 l.
847 4228 913 4279 Ure.
925 4229 954 4281 C.
971 4234 1029 4282 349.
1041 4231 1104 4284 Ant.
1116 4233 1163 4286 Ch.
1173 4237 1232 4284 408.
