3080 5106
306 347 371 411 wi
613 354 771 406 vesunu
796 353 941 404 sruxrur
967 355 1039 404 uru.
1061 353 1095 401 v.

309 509 533 574 baosrersum
545 503 660 588 rapiti
683 517 803 584 parum
817 497 922 564 babes
944 496 1083 580 publica
1095 496 1269 580 impietate
1285 496 1404 576 furere,

308 608 377 673 uisi
399 608 504 674 etiem
517 607 648 691 privata
666 602 786 684 lapsus
801 598 965 664 iuerisl³⁰
986 617 1073 662 nnus
1088 599 1150 663 tibi
1173 598 1405 666 Romanorum

309 691 469 778 videlicet
482 706 643 787 Quintius
656 704 780 789 placet,
796 703 829 766 in
843 721 910 785 quo
922 699 1064 778 sceleste
1073 707 1097 747 ³¹
1122 719 1286 767 exerceas
1301 721 1406 780 arma,

310 811 409 896 cujus
438 808 613 895 penatibus
642 813 678 872 et
709 803 849 868 honoris
878 801 1171 880 vicisutuuinemf
1200 810 1235 868 et
1263 805 1406 870 salutem

311 917 403 978 tuem
426 911 554 976 debes'i
588 907 638 972 At
658 925 713 970 me
742 904 853 970 ioedus
879 904 1051 980 amicitiae,
1066 904 1192 988 Diique
1211 905 1407 989 hospitales,

310 1019 562 1078 sanctanostru
585 1007 751 1091 sanguini,
766 1006 887 1072 restris
906 1005 1099 1089 pectoribus
1111 1013 1138 1053 ³²
1159 1006 1242 1072 vilia
1255 1007 1408 1090 pignora,

310 1113 422 1178 hostili
437 1111 612 1177 certamine
633 1106 791 1192 congredi
810 1113 917 1172 tecum
932 1113 1056 1171 vetant.
1101 1105 1192 1185 Quin
1207 1109 1312 1174 etiam
1327 1107 1357 1172 si
1370 1108 1407 1171 iu

313 1233 479 1280 concursu
500 1212 707 1278 exercituum
728 1208 865 1279 ibrtnito
889 1207 1043 1274 umbonis
1065 1209 1139 1272 mei.
1156 1209 1302 1292 impulsu
1328 1229 1408 1293 pro-

314 1321 458 1380 stratum
473 1315 697 1396 agnovissem,
708 1311 917 1396 applicatum
926 1309 997 1394 jam
1014 1311 1234 1376 cervicibusv
1250 1313 1320 1376 tuis
1334 1331 1409 1376 mu·

314 1435 450 1482 cronem
471 1433 696 1484 revocassem.
739 1413 852 1478 Tuum
876 1431 957 1496 ergo
980 1413 1108 1478 crimen
1132 1413 1176 1478 sit
1184 1419 1212 1462 ³⁴
1241 1413 1409 1497 hospitem

314 1519 467 1584 occidere
481 1517 653 1584 voluisse:
676 1537 784 1582 meum
808 1537 875 1581 nou
897 1517 964 1581 eris
989 1517 1112 1599 hospes
1135 1516 1282 1581 occisus.
1326 1513 1410 1580 Pro-

314 1620 392 1684 inde
412 1620 524 1700 elium,
539 1639 607 1702 qua
629 1618 781 1694 occidas,
807 1617 978 1681 dexteram
999 1635 1130 1699 quaere:
1152 1618 1310 1699 qnoniam
1334 1635 1411 1680 mea

314 1725 347 1790 ic
360 1739 492 1786 serrare
512 1718 650 1785 didicit!
694 1719 798 1782 Dedit
817 1718 947 1801 utrique
969 1718 1106 1784 coeleste
1124 1736 1246 1782 numen
1261 1716 1411 1780 debitum

316 1823 461 1886 exitum:
483 1820 649 1905 siquidem
662 1820 697 1884 in
710 1839 751 1884 eo
764 1826 789 1866 ³⁵
811 1817 929 1902 praelio
943 1819 1072 1884 Badius
1088 1822 1308 1885 obtruncatus
1321 1823 1374 1882 est
1384 1815 1412 1882 :¹

317 1923 478 2003 Quintius
491 1923 610 2006 insigni
624 1941 739 2006 pogna
751 1918 863 1986 clarus
878 1919 1009 1986 evasiti
1395 1985 1399 1995 Ι

359 2027 391 2089 4.
414 2024 500 2108 Age,
523 2022 571 2086 Μ.
588 2022 744 2087 Marcelli
769 2021 956 2099 clementia,
979 2041 1082 2104 quam
1107 2019 1273 2098 clarum‚³⁶
1295 2039 1412 2104 quam-

319 2147 384 2209 que
405 2124 624 2189 memorabile
648 2121 843 2205 exemplum
865 2123 978 2188 baberi
997 2123 1117 2189 debet!
1138 2125 1197 2208 qui
1218 2125 1327 2207 captis
1341 2143 1362 2187 a
1375 2143 1413 2188 se

319 2224 525 2310 Syracusism
547 2223 581 2287 in
592 2242 669 2288 arce
684 2243 799 2290 earum
813 2224 977 2302 constitit,
991 2231 1029 2290 ut
1043 2226 1135 2290 urbis
1157 2225 1259 2292 ruodo
1271 2223 1413 2309 opulen-

352 2441 1309 2510 ‘Etcicissitsdieeaspsssdomlosorir,qssettsrre‚eterotearcipiebm

338 2701 511 2754 uasiNossad
522 2702 663 2752 orationem
682 2703 783 2755 Quintil
801 2718 853 2754 nou
872 2705 1027 2768 pertineret,
1047 2704 1093 2756 sed
1106 2705 1251 2757 transitioni
1270 2704 1417 2756 inserviret.

320 2719 359 2818 dt
367 2765 403 2817 ei.
413 2767 504 2829 Virgil.
516 2766 613 2831 Georg.
626 2781 665 2818 ιν.
675 2773 734 2819 sss.
751 2768 825 2821 stibi
837 2770 976 2820 Sera-to
994 2769 1239 2830 tiariferam—ai
1256 2771 1300 2820 Its
1310 2769 1417 2832 Pighius

321 2846 337 2880 e
347 2831 437 2894 Csmp.
449 2831 551 2882 Winck.
571 2833 663 2883 Colon.
682 2840 710 2883 et
728 2832 822 2884 Atreb.
840 2835 928 2899 itaque
940 2834 1038 2884 Brund.
1048 2838 1104 2886 1.11.
1114 2841 1143 2884 et
1154 2836 1227 2884 multi
1237 2834 1347 2884 Torreu.
1358 2847 1418 2882 cum

321 2895 381 2946 Vct,
390 2901 418 2944 et
429 2895 535 2945 Torren.
545 2897 642 2948 mebris
652 2897 751 2950 Medic.
759 2903 784 2948 ².
804 2899 884 2949 Bsrb.
893 2904 916 2950 1.
929 2899 1004 2948 Leid.
1012 2903 1036 2948 7.
1048 2914 1063 2947 a
1074 2911 1108 2946 nr.
1120 2913 1173 2949 sec.
1193 2907 1221 2949 et
1242 2897 1337 2962 Copes.
1357 2909 1417 2946 enm

320 2961 406 3024 vulga.
417 2959 486 3024 qnod
496 2961 633 3011 Perizonio
642 2962 839 3026 placebat-til
855 2963 953 3014 Medic.
962 2968 987 3013 2.
995 2963 1081 3012 vestm
1088 2969 1166 3012 ostem
1176 2961 1324 3026 matribus,-
1340 2960 1420 3012 llari.

320 3023 404 3075 omre
413 3029 491 3075 uter
501 3025 698 3088 manaim-ts
715 3027 809 3090 copes.
819 3028 963 3091 αρριίωυπ
975 3028 1030 3088 josa
1039 3043 1055 3078 s
1065 3027 1267 3077 eerntdm-tt
1284 3025 1327 3074 lte
1338 3025 1417 3075 eodo.

321 3103 410 3138 omues
421 3104 478 3139 cunr
489 3089 605 3140 omuibus
625 3097 686 3139 ente
698 3092 818 3156 Pigblum
837 3091 977 3154 impressis,
992 3091 1061 3156 quod
1080 3092 1174 3142 moturi
1193 3106 1243 3140 uoo
1253 3090 1418 3140 debueratis

320 3154 409 3202 erim
420 3154 475 3202 erit.
508 3152 612 3202 Deinde
623 3153 699 3203 codd.
717 3157 825 3205 Tcrrsn.
836 3156 949 3220 quinque
965 3169 1023 3204 cum
1035 3156 1121 3218 rulgg.
1138 3162 1234 3220 proeter
1251 3155 1323 3216 Meg.
1341 3168 1418 3202 neers

319 3217 446 3329 betti
463 3217 534 3329 ‘litt
550 3216 672 3330 itit
689 3218 987 3331 terribili?
997 3219 1156 3333 isitii
1175 3218 1420 3332 tibiatis&

320 3314 496 3394 ss'Vocuism
507 3359 534 3392 es
553 3315 636 3406 ejicit·
649 3297 750 3409 luqueius
760 3297 889 3410 qdeereus;
906 3297 957 3433 odo
971 3317 1079 3410 prelio?
1095 3318 1217 3398 'retinent
1236 3359 1325 3396 omues
1343 3315 1420 3396 codd.

319 3407 391 3458 ‘iiic
403 3407 469 3456 dicit
479 3407 625 3470 ‘prelium’
643 3410 712 3474 quod
721 3425 801 3475 snpra
811 3411 819 3439 ⁶
829 3411 911 3460 aciem
938 3417 967 3460 ut
978 3425 998 3461 1.
1009 3415 1032 3460 a
1041 3416 1065 3460 o.
1082 3425 1101 3460 s.
1110 3416 1135 3462 1.
1144 3415 1174 3462 L
1182 3424 1225 3462 us.
1234 3415 1259 3460 2.
1267 3414 1292 3460 4.
1304 3423 1342 3459 uu.
1351 3415 1375 3458 5.
1384 3405 1419 3458 a’

324 3471 487 3522 Tenea-ao
503 3471 603 3525 Medic.
612 3477 637 3523 1.
654 3488 723 3537 paon
737 3477 892 3540 pretim.-
916 3475 990 3525 Leid.
1001 3479 1024 3526 1.
1035 3477 1151 3540 exempti:
1168 3476 1262 3540 Caper.
1277 3477 1355 3539 potest
1373 3485 1420 3537 pro

819 3621 926 3674 Nouis

329 3693 332 3700 ι
355 3726 467 3780 ¹Bods'ss
486 3729 637 3781 mamertus
656 3733 704 3798 at]
730 3733 790 3784 Non
810 3734 850 3785 its
889 3732 1406 3786 ostentmssdconsulesdeduotosest.

322 3803 419 3854 Livius.
451 3806 528 3856 Rodii
545 3807 649 3872 quidem
659 3809 792 3859 sinistrum
803 3809 850 3860 bu·
923 3808 1131 3869 1411113841.
1147 3810 1296 3862 oblim.
1313 3807 1378 3858 Urb.
1392 3806 1428 3859 C·

322 3892 420 3930 merum
431 3881 565 3946 Crispinus
574 3883 649 3934 hosts
660 3884 807 3948 tnnsiixit3
822 3891 851 3936 st
891 3891 949 3938 w.
971 3885 1037 3938 Aut.
1046 3887 1093 3937 Cb.
1103 3891 1163 3938 rso.

323 3951 384 4004 dum
395 3956 483 4008 desilit
494 3971 570 4023 equo,
585 3965 614 4008 ut
629 3960 710 4024 pedes
718 3961 851 4026 jacentem
923 3969 942 3996 Ι
955 3963 1066 4028 coptiss
1081 3978 1107 4014 se
1122 3960 1258 4027 domm]
1284 3956 1338 4009 W
1354 3956 1424 4006 ⁰⁰⁵⁰
1531 4019 1532 4036 .

323 4025 474 4095 conficeret,
495 4033 592 4083 Badius
615 4049 705 4098 parma
733 4051 852 4102 equoque
891 4037 1067 4102 Syracusanos
1076 4051 1164 4088 somno
1183 4043 1211 4087 et
1229 4037 1288 4084 rino
1302 4033 1428 4098 jacentes

324 4101 419 4154 relicto
437 4106 471 4155 ad
493 4123 552 4159 suos
570 4110 683 4175 aufugit:
716 4114 869 4186 Crispinus¹
892 4115 1025 4180 oppressit
1042 4115 1197 4176 Marcellus,
1214 4111 1305 4162 urbem
1323 4121 1426 4172 esopo·

323 4192 430 4243 equum,
441 4193 520 4244 uma,
531 4191 559 4233 et
573 4193 706 4238 cruentam
718 4190 853 4255 cuspidem
892 4191 955 4242 riori
966 4193 1023 4243 luco
1034 4190 1237 4254 contemplatus,
1248 4189 1427 4254 illacrymasse
