3230 5092
302 447 368 518 778
589 465 746 514 vanarn
772 465 916 514 uaxrur
942 467 1012 516 nra.
1036 468 1118 516 vui.

304 610 378 674 uiua
398 610 541 674 Deorum
552 609 757 674 ordinasset:
773 597 808 672 ut
822 611 907 672 enim
923 610 957 672 in
971 611 1071 673 rebus
1086 611 1181 675 seriis
1193 612 1394 692 Scaevolam,

305 711 407 774 itaet
429 712 463 773 in
478 712 642 775 scenicis⁹
663 710 797 773 lusibus
819 709 985 773 bominem
1008 712 1143 792 agebat:
1165 733 1265 794 quem
1286 735 1395 778 rerum

306 819 426 876 natura
437 813 587 878 continui
601 811 726 874 laboris
741 801 921 894 patientem
937 829 1014 874 esse
1029 830 1094 874 non
1108 812 1210 875 sinit.t

756 972 949 1020 EXTERNA.

350 1079 382 1142 1.
407 1076 515 1161 quue
530 1076 626 1154 vidit,
647 1076 703 1140 cui
728 1077 819 1140 nulla
848 1095 926 1158 pars
955 1076 1130 1158 sapientiae
1156 1079 1300 1143 obscura
1321 1080 1397 1159 suit,

306 1181 479 1246 Socrates:
501 1179 647 1260 ideoque
661 1197 727 1241 non
742 1178 874 1242 erubuit
889 1183 977 1254 tunc,
993 1197 1069 1242 cum
1085 1181 1279 1262 interposita
1300 1201 1397 1245 arun·

308 1283 385 1346 diue
398 1283 545 1346 cruribus
559 1281 643 1357 suis,
658 1299 734 1343 cum
750 1278 900 1361 parvulis
915 1279 1028 1342 filiolis
1036 1280 1154 1346 ludens
1169 1283 1212 1346 ab
1225 1283 1399 1358 Alcibiade

307 1384 396 1448 risus
411 1387 523 1448 eat.¹⁰‡

351 1485 383 1548 2.
408 1484 575 1549 Homerus
601 1503 746 1567 quoque,
771 1482 891 1564 ingenii
918 1483 1068 1546 coelestis
1095 1491 1200 1562 vates,
1223 1503 1287 1547 non
1310 1485 1401 1548 aliud

312 1586 428 1663 sensit,
453 1585 751 1652 vehementissimis
777 1578 942 1646 Acbillis‘
971 1584 1125 1650 manibus
1152 1603 1292 1652 cmoraa
1317 1585 1401 1650 fides

768 1749 949 1770 ”m

312 1850 426 1899 uiua-9
441 1849 498 1898 ‘lta
515 1849 591 1912 plane
602 1848 679 1898 babet
688 1849 749 1898 Vel.
771 1850 890 1913 vestigia
907 1851 981 1913 liujus
997 1849 1117 1898 lectionis
1129 1856 1189 1899 arunt
1201 1850 1227 1898 in
1239 1848 1326 1897 multis
1337 1849 1401 1897 Mar.

312 1927 421 2025 auorum
433 1912 486 1975 alii,
496 1914 523 1962 is
532 1914 615 1974 aesia,
626 1915 658 1962 al.
671 1915 768 1974 insertis,
786 1915 819 1962 ul.
834 1913 860 1964 s's
877 1916 954 1975 usis,
971 1913 997 1961 ia
1007 1914 1142 1962 nauibus
1155 1913 1259 1972 babent,
1278 1913 1343 1960 rrnde
1356 1913 1403 1960 uirl

332 1979 385 2026 octi
398 1977 468 2039 conj.
478 1979 505 2026 is
517 1978 595 2036 seriis,
608 1978 635 2026 ia
645 1977 766 2039 senilibus,
778 1979 804 2025 la
822 1979 903 2039 coesis,
920 1978 945 2026 irs
956 1979 1088 2039 turrilibus,
1098 1977 1124 2025 is
1134 1977 1252 2038 serotinis,
1262 1976 1287 2025 ιἰι
1297 1975 1404 2037 heroicis,

314 2043 340 2090 is
361 2041 435 2101 acab,
450 2041 476 2089 is
491 2041 621 2102 sissimus,
640 2043 666 2088 is
679 2039 808 2099 futilibus
826 2057 883 2106 quae
904 2041 972 2105 conj.
994 2055 1080 2090 ornnes
1096 2039 1184 2089 futiles
1202 2039 1262 2088 mibi
1274 2039 1404 2088 videnlur.

313 2105 398 2168 Vulgo
410 2105 508 2152 editum
521 2111 561 2154 eat
570 2105 597 2152 is
606 2105 751 2165 scurrilibus,
761 2119 807 2167 pro
819 2121 869 2169 quo
881 2119 930 2167 epo
942 2105 1080 2154 lectionem
1089 2104 1149 2153 Vet.
1157 2105 1182 2152 is
1190 2103 1286 2152 scenicis
1294 2103 1405 2166 reposui.

313 2169 356 2219 An
368 2175 439 2219 recte
450 2166 567 2228 fecerim,
579 2168 690 2232 uiderint
703 2169 790 2233 periti.
818 2169 954 2219 ‘scurrilis
965 2168 1048 2217 luaru’
1065 2175 1106 2217 eat
1117 2183 1194 2231 supra
1206 2181 1255 2216 vra.
1265 2172 1290 2215 8.
1301 2168 1327 2214 iu
1338 2165 1407 2215 fine:

316 2235 395 2295 Kapp.
429 2232 476 2281 ‘la
487 2233 624 2281 scurrilibus
635 2240 736 2282 veteres
748 2242 757 2280 t
778 2233 815 2295 pia
828 2234 953 2294 expressi,
973 2241 1000 2282 et
1012 2247 1077 2281 unua
1089 2233 1151 2281 item
1162 2231 1259 2280 Brund.
1271 2230 1347 2279 Alter
1358 2245 1405 2294 pro

315 2297 342 2344 is
352 2296 489 2345 scurrilibus
499 2297 577 2346 lrabot
586 2297 708 2355 iusserim·
725 2247 775 2346 sed
781 2297 818 2345 its
830 2305 858 2346 ut
870 2297 943 2347 lnitio
955 2297 1074 2346 rideatur
1084 2297 1210 2359 scriptum
1227 2295 1307 2344 fuisse
1322 2295 1348 2343 is
1358 2309 1407 2344 sce·

316 2359 392 2408 sibus.
423 2357 476 2408 Sed
495 2367 523 2408 et
539 2361 645 2416 Pisbius
662 2362 688 2409 in
708 2361 806 2425 aliquot
827 2361 902 2412 codd.
914 2362 1012 2411 invenit
1024 2362 1050 2410 ia
1068 2361 1160 2420 scesis3
1176 2368 1202 2408 et
1214 2360 1239 2408 in
1252 2374 1301 2408 rino
1311 2359 1407 2408 inseris.

316 2421 392 2470 Unde
404 2422 446 2469 ille
456 2422 560 2485 conjicit
572 2424 709 2485 legendum
721 2439 776 2473 esse
788 2425 881 2474 isseriis
891 2425 996 2482 lusibuss
1019 2432 1048 2473 ut
1064 2423 1159 2474 isssriis
1169 2425 1203 2472 ait
1215 2437 1262 2488 pro
1273 2438 1319 2471 nos
1329 2422 1406 2472 scriis.

312 2487 382 2536 Dan.
394 2485 473 2534 babet
485 2486 508 2533 iu
518 2486 593 2534 scoeiu
626 2487 695 2536 Satis
710 2497 830 2549 apparet,
843 2489 979 2537 scurrilibus
990 2489 1093 2537 minime
1106 2489 1254 2551 genuinum,
1265 2501 1364 2550 proque
1375 2501 1408 2536 eo

317 2549 387 2599 uliud
398 2549 534 2611 legendum
546 2563 612 2598 ease.
644 2550 726 2600 Jeurra
739 2553 890 2613 Rulgeraiua
902 2552 1037 2615 legendum
1055 2559 1130 2614 putat
1146 2553 1171 2600 s's
1187 2551 1306 2613 senilibus,
1326 2551 1365 2598 uel
1382 2551 1409 2600 iu

317 2615 388 2674 acuis,
397 2615 475 2663 autin
484 2615 556 2662 acesii
564 2629 573 2672 ,·
585 2613 653 2678 quale,
666 2621 692 2662 ut
702 2614 820 2664 Sidonius
830 2615 910 2676 dicat,
920 2617 1072 2665 sleuseumn
1082 2617 1308 2676 oblectamentum,
1320 2623 1348 2664 ut
1358 2615 1411 2678 pilu

314 2678 450 2742 juvenum.
484 2679 518 2727 Et
535 2692 597 2726 aaue
613 2677 762 2740 conjectura
783 2679 828 2727 illa
848 2680 918 2742 prior
935 2681 1044 2766 iuvatur
1061 2694 1102 2738 eo,
1118 2682 1185 2744 qrrod
1203 2679 1227 2727 in
1240 2693 1291 2727 uno
1311 2679 1408 2728 Brund.

319 2742 392 2790 initio
413 2749 442 2791 ut
463 2741 529 2802 dixi,
550 2743 674 2818 scriplum
697 2741 938 2792 thimiamatibus.
962 2745 1048 2794 vorat.
1081 2744 1226 2794 ‘lilokkiua
1244 2744 1358 2806 proxime
1376 2741 1410 2791 sd

319 2805 460 2868 Pigbiauoa
471 2806 549 2856 libros
561 2806 662 2870 legitis
672 2806 745 2855 suris.
777 2807 834 2855 Van
846 2808 1030 2870 Bynlrersbnelr
1042 2807 1111 2856 varie
1123 2823 1224 2872 qunque
1236 2808 1260 2856 b.
1273 2809 1290 2856 l.
1302 2806 1410 2857 fluctua-

319 2869 368 2931 vil,
379 2869 456 2918 modo
467 2869 588 2920 dubitans
608 2885 640 2919 an
658 2871 767 2920 scurriles
777 2885 865 2920 omues
878 2872 947 2921 lnsua
957 2872 1010 2922 diei
1022 2879 1125 2935 possent
1137 2879 1258 2948 respectu
1276 2872 1410 2930 Seoeroloe,

320 2940 348 2982 et
360 2933 401 2982 rel
412 2932 536 2997 Auguria,
547 2935 587 2984 rel
599 2932 749 2984 Pontificia:
764 2939 817 2984 tum
829 2937 979 2985 anxurim
990 2943 1095 2999 possent
1107 2937 1189 2999 acclpr
1199 2935 1413 3000 projocslnribusr

321 2998 400 3047 etism
412 3012 445 3046 sn
457 2998 587 3048 emendari
600 3005 697 3061 posset,
706 2999 835 3060 uncum,
846 3000 886 3049 rel
893 3000 1014 3059 sutilibus.
1046 2999 1097 3048 Sed
1111 3000 1172 3048 nibil
1183 3001 1270 3049 borum
1280 3012 1337 3048 cum
1348 2998 1412 3046 satis

321 3063 448 3126 placeret,
459 3065 562 3140 propius
574 3063 698 3112 accedere
708 3064 848 3124 existimat,
857 3064 878 3112 ai
888 3065 999 3126 legatur,
1007 3063 1144 3112 turrilibus:
1161 3072 1190 3113 ut
1203 3065 1287 3113 ‘lusus
1297 3061 1412 3123 turrilia‚'

321 3127 355 3194 ait
367 3129 437 3177 lusus
449 3129 523 3191 slver,
534 3128 571 3177 its
583 3127 692 3176 dictura
705 3127 802 3176 ‘turri'
819 3128 872 3176 aive
881 3131 887 3153 ⁸
897 3126 1003 3190 Pyrgo,'
1021 3128 1148 3190 quomodo
1158 3128 1300 3191 promiscue
1312 3132 1413 3176 ueteres

322 3191 450 3248 vocabunt
474 3193 604 3242 vasculum
627 3191 700 3251 illud,
719 3205 733 3239 e
756 3206 807 3254 qun
829 3191 874 3240 tall
896 3199 924 3240 et
945 3197 1050 3240 tesserae
1069 3191 1242 3254 ejiciebantur
1259 3193 1284 3240 in
1304 3194 1413 3241 alueum.

323 3255 455 3305 Sonteriua
467 3255 499 3304 de
518 3254 683 3304 lllealoribus
695 3268 755 3318 cap.
768 3258 807 3304 17.
824 3254 887 3304 dicit
898 3255 1044 3304 Pontanum
1054 3255 1158 3317 legisse,
1168 3257 1193 3305 ιἰι
1205 3257 1338 3305 Scrutiais:
1355 3255 1414 3305 ideo

323 3319 391 3381 qnod
404 3319 429 3366 in
442 3319 513 3368 libris
526 3317 676 3380 duplicenia
687 3318 823 3368 invenerat
834 3318 922 3370 Smia.
955 3319 1098 3368 Scriverius
1115 3321 1279 3377 emendabat,
1291 3322 1317 3368 is
1329 3319 1415 3369 Heroi-

323 3384 367 3443 ca's,
377 3382 417 3429 rel
428 3383 454 3430 ia
465 3381 569 3431 Beroia:
587 3382 642 3444 lpse
651 3383 785 3431 Souteriua
797 3382 901 3432 uidetur
912 3385 999 3448 polius
1009 3382 1037 3430 rb
1047 3384 1183 3433 scurrilibus
1194 3399 1240 3448 pro
1252 3385 1415 3435 Gloaaumate

325 3445 490 3508 expunxisse,
508 3459 556 3494 nec
577 3446 750 3496 necessarlum
765 3445 897 3510 judicare,
913 3453 943 3497 ut
960 3446 988 3495 rb
999 3446 1087 3495 lusibus
1097 3447 1211 3498 additum
1224 3449 1258 3497 ait
1274 3448 1417 3512 epitheton.

325 3509 349 3556 E
358 3507 450 3572 quibua
461 3509 569 3572 quisque
580 3509 684 3572 probet,
695 3509 764 3573 quod
777 3510 896 3560 uoluerit.
929 3511 995 3560 ltlibi
1004 3525 1052 3560 nec
1065 3511 1170 3570 Hernici,
1182 3527 1230 3563 nec
1242 3513 1345 3563 Serosui
1354 3512 1417 3560 lusus

324 3571 365 3621 laic
384 3572 497 3634 placent.
532 3571 635 3621 Turi-iles
650 3574 724 3632 lusus,
745 3585 838 3622 vereor
853 3575 931 3624 etiam
948 3584 978 3625 ut
994 3575 1047 3625 ulle
1058 3575 1111 3625 elio
1123 3579 1178 3628 loeo
1190 3577 1292 3641 probari
1310 3576 1419 3639 possint,

327 3643 355 3684 ut
368 3642 394 3685 et
404 3635 486 3699 ipsum
498 3636 633 3699 epitheton
643 3637 744 3685 turrilis.
772 3636 855 3686 Codd.
872 3639 953 3688 nostri
963 3639 1059 3689 babent
1071 3639 1153 3690 Paris.
1164 3648 1223 3691 tert.
1235 3641 1313 3692 barb.
1325 3647 1353 3691 et
1362 3638 1416 3688 Bit.

327 3699 412 3764 primi,
425 3699 498 3749 Leid.
512 3699 586 3762 prim.
595 3713 648 3749 sec.
659 3706 720 3750 tert.
730 3707 758 3749 et
768 3701 865 3764 Ultrsj.
875 3717 928 3752 sec.
941 3705 977 3752 ito
988 3705 1014 3752 s'a
1025 3705 1162 3754 scurrilibus
1173 3705 1280 3764 lusibus,·
1296 3705 1378 3768 quint.
1389 3709 1417 3751 et

247 3765 252 3771 ’
325 3772 394 3814 aeut.
405 3764 576 3814 inscurn'libus
587 3763 689 3813 trucibus.
721 3763 775 3813 Ult.
797 3766 871 3827 prim.
893 3766 918 3815 is
934 3767 1045 3818 acroribus.
1063 3768 1137 3818 Harl.
1155 3779 1183 3818 et
1202 3768 1273 3818 Leid.
1291 3775 1376 3832 quart.
1391 3766 1417 3815 in

326 3829 409 3878 uesta.
444 3829 508 3878 blibi
527 3829 638 3878 maxime
654 3828 754 3877 arridet
773 3829 902 3892 Rutgersii
920 3831 1420 3895 conjecturs,lssssiis'bss.’'1¹orreu.—

329 3898 359 3942 lu
377 3897 494 3945 Quutuor
511 3893 588 3943 codd.
602 3893 758 3943 Torreniuni
775 3902 804 3943 et
816 3894 875 3944 Vet.
891 3895 984 3945 derisus
1000 3901 1052 3955 sst,·
1068 3895 1188 3946 Perison.
1199 3896 1250 3958 lagi
1265 3896 1343 3958 jussit
1355 3893 1417 3940 υἰιιιι

327 3963 371 4020 est,
380 3958 544 4022 improbante
554 3957 666 4023 Kappio.

821 4051 928 4104 NOTAE

362 4155 373 4201 t
391 4146 441 4199 An.
452 4149 491 4198 M.
508 4155 581 4200 saal.
593 4151 637 4199 Ol.
649 4155 704 4200 lbb.
718 4147 814 4200 l.Urb.
826 4147 856 4198 C.
891 4153 948 4200 abb.
972 4148 1034 4198 Ant.
1046 4149 1093 4198 Cb.
1104 4151 1161 4197 lla.

330 4230 458 4283 bba.1lnu
470 4235 516 4282 Cb.
528 4239 584 4282 169.
924 4224 935 4257 f
947 4225 1060 4288 Achillis]
1072 4223 1172 4274 Pelidis
1184 4229 1212 4272 et
1222 4222 1342 4274 Tbetidia
1354 4223 1421 4274 filius

363 4308 438 4368 trin.
450 4309 487 4360 M.
500 4313 572 4359 solu.
597 4309 725 4358 0l.9l.b.
750 4305 816 4357 Urb.
828 4309 858 4358 C.
892 4301 1015 4354 sPobtia
1032 4299 1155 4365 birgilum
1172 4306 1199 4350 et
1214 4299 1376 4363 urceorum,
1392 4308 1421 4349 ut
