3180 5120
399 467 478 515 car.
494 465 549 514 xr.
573 466 622 514 nn
645 466 812 515 suenone
835 468 973 532 nrcrrs,
994 459 1054 520 &c
1212 457 1281 523 875

184 611 286 674 amari
311 609 438 688 exitus3
472 629 571 692 quem
597 610 751 674 latentem
772 607 880 674 uxori
903 611 1173 689 interficiendum,
1197 615 1279 696 quid

185 711 305 788 dicam,
323 710 470 788 tradidit,
486 731 530 775 an
544 712 621 794 ipsa
631 711 808 796 jugulavit.
854 711 992 790 Quanto
1006 712 1094 777 enim
1106 713 1212 780 levius
1228 723 1280 779 est

189 813 311 890 scelus,
326 815 382 877 cui
397 814 627 880 tautummodo
637 834 756 880 manus
771 816 867 880 abest
873 814 922 878 τ’*

640 977 834 1026 BX'l'ERNA.

226 1095 258 1159 1.
283 1094 372 1161 Illud
402 1103 514 1164 autem
542 1098 684 1177 facinus,
706 1100 788 1182 quia
811 1107 1024 1178 externum,¹⁹
1047 1097 1278 1184 tranquilliore

185 1194 305 1262 affectu
318 1202 518 1265 narrabitur.
561 1201 724 1284 Scipione
741 1199 904 1265 Africano
919 1202 1022 1284 patris
1036 1209 1072 1264 et
1086 1201 1197 1284 patrui
1213 1221 1283 1265 me-

184 1299 324 1362 moriam
341 1300 538 1382 gladiatorio
561 1320 695 1365 munere
717 1299 917 1382 Carthagine
942 1299 1060 1365 Novaj
1081 1302 1283 1381 celebrante,

186 1398 252 1464 duo
273 1403 357 1483 regii
379 1399 468 1478 tilii}
489 1423 595 1486 nuper
613 1409 709 1486 patre
733 1410 879 1479 mortuo,
901 1404 937 1466 in
957 1421 1090 1468 arenam
1110 1422 1282 1485 processe-

185 1507 279 1566 runt:
301 1503 505 1586 pollicitique
528 1511 606 1590 sunt
621 1505 690 1567 ‘ibi
717 1524 754 1568 se
778 1504 821 1568 de
844 1523 944 1585 regno
968 1503 1193 1588 praeliaturos,
1219 1524 1284 1588 quo

186 1603 422 1683 spectaculum
436 1603 517 1667 illud
533 1603 695 1669 illustrius
709 1625 821 1688 pugna
837 1625 899 1671 sua
913 1604 1078 1672 facerent?
1120 1604 1191 1670 Eos
1207 1625 1284 1669 curn

188 1701 307 1786 Scipio
328 1705 525 1783 monuisset,
542 1710 598 1770 ‘ut
612 1706 736 1784 verbis,
758 1726 858 1789 quam
882 1707 967 1772 ferro
991 1705 1180 1789 dijudicare
1204 1703 1286 1768 mal·

186 1803 296 1882 leut,²⁰
316 1813 391 1870 uter
411 1825 544 1888 regnare
567 1807 706 1872 deberet
714 1805 734 1890 ;'
756 1827 797 1871 ac
814 1807 887 1890 jam
909 1805 1017 1888 major
1041 1812 1123 1868 natu
1146 1804 1286 1868 consilio

187 1905 262 1988 ejus
278 1907 539 1990 obtemperaret;
555 1908 674 1986 minor,
690 1907 843 1992 corporis
853 1907 981 1971 viribus
994 1907 1112 1983 fretus,
1127 1906 1161 1968 in
1177 1924 1287 1969 amen-

190 2007 239 2072 tia
253 2009 408 2092 perstitit.
453 2010 613 2095 Initoque
629 2011 821 2088 certamine,
836 2008 1039 2094 pertinacior
1053 2007 1210 2090 impietas
1220 2006 1287 2071 ior-

190 2115 283 2176 tunae
292 2111 423 2194 judicio
437 2121 543 2178 morte
557 2113 719 2178 mulctata
733 2117 806 2176 estc

228 2211 261 2273 2.
284 2211 495 2278 Mithridates
505 2211 547 2252 ²¹¹
569 2220 679 2280 autem
693 2214 800 2306 multo
815 2211 1030 2287 sceleratius,
1045 2208 1103 2293 qui
1124 2228 1191 2273 non
1206 2227 1284 2273 curn

221 2393 231 2425 ⁵
243 2395 297 2446 Nos
307 2399 378 2447 multo
389 2398 451 2448 eust
461 2399 534 2449 leuius
542 2405 577 2450 est
588 2400 687 2464 aises,
702 2399 764 2463 quod
774 2396 871 2449 wasidio
883 2394 1019 2458 emmau,
1030 2394 1084 2444 lieet
1092 2407 1138 2442 sos
1147 2405 1227 2442 unse.

648 2537 831 2565 »mmm

190 2641 222 2686 19
237 2639 407 2702 ‘Complures
418 2643 483 2692 Mas.
500 2651 624 2694 extersum
636 2649 680 2693 ert.
713 2643 777 2692 Mox
796 2655 844 2706 pro
863 2641 908 2688 duo
923 2637 986 2700 regii
999 2636 1059 2700 filit.
1075 2633 1140 2682 Mss.
1160 2629 1288 2692 undecim,

188 2704 235 2748 duo
246 2703 373 2764 regisfltti.
407 2705 483 2751 Quod
500 2715 572 2753 certe
583 2709 662 2756 nihilo
674 2713 715 2756 est
726 2707 841 2755 deterius
853 2721 860 2753 ε
876 2712 1012 2766 utrumque
1024 2697 1105 2747 habet
1117 2695 1194 2745 etiam
1207 2695 1290 2758 Meg?

190 2765 287 2813 Tmen.
298 2764 362 2825 regn
371 2763 452 2811 hebet
464 2766 543 2812 etism
553 2768 680 2816 vec—ao
696 2771 704 2797 ‘
714 2768 796 2819 Aldus
808 2766 939 2828 ediderat,
954 2771 982 2814 ut
990 2762 1066 2813 ente
1075 2763 1212 2810 costesdere
1221 2771 1291 2822 pem

114 2871 119 2879 .
182 2830 252 2888 ferro
268 2829 382 2877 dimicare
400 2827 503 2875 mallem.
536 2827 588 2875 Sed
606 2829 713 2876 altorem
733 2833 872 2881 lectionem
889 2827 1036 2880 observarit
1054 2825 1161 2889 Pighius
1180 2826 1206 2874 iu
1228 2823 1290 2873 diss.

190 2893 226 2942 Et
237 2892 316 2943 hebet
327 2906 429 2957 quoque
441 2903 498 2939 estu
510 2897 619 2952 uterque
631 2889 689 2938 cod.
708 2891 805 2939 Brund.
825 2893 872 2940 nisi
891 2893 959 2954 quod
981 2893 1006 2940 in
1026 2905 1077 2940 uuo
1096 2895 1136 2940 est
1152 2888 1291 2950 diiudicari.

190 2957 241 3006 Sed
253 2965 281 3007 et
291 2965 392 3007 veteres
403 2955 472 3019 typis
486 2953 604 3018 expressi
615 2952 830 3014 Chelcocondylre
842 2959 870 3001 et
882 2955 991 3001 Martini
1004 2953 1113 3015 Herpib.
1126 2953 1163 3000 sic
1179 2949 1291 2998 hebent!

191 3022 285 3084 Copes.
301 3026 328 3070 ut
345 3021 423 3069 endis
440 3035 508 3082 orm
522 3020 592 3078 serre
609 3016 732 3079 dimicare,
750 3014 842 3066 omisso
861 3015 942 3062 verbo
960 3015 1073 3069 nollestr
1089 3013 1157 3060 unde
1174 3011 1292 3060 Perizon.

194 3086 242 3132 Eos
252 3100 273 3132 c.
285 3085 312 3133 S.
323 3085 450 3132 meunt
461 3082 541 3132 antris
560 3097 581 3146 q.
594 3081 617 3141 s.
635 3081 757 3144 dimicare,
776 3078 869 3129 omisso
889 3079 924 3139 τῷ
938 3076 1041 3124 eredat.
1056 3076 1211 3122 ‘sostmdere
1221 3081 1292 3123 certe

192 3148 282 3196 delent
302 3147 418 3212 plerique
437 3146 502 3194 Μαι.
519 3154 617 3210 preter
636 3145 734 3208 Uttrsj.
750 3145 824 3210 prim.
838 3142 920 3192 Porro
932 3146 987 3189 tres
998 3136 1072 3187 Leto.
1084 3149 1149 3184 uuus
1161 3137 1254 3201 Uttrsj.
1264 3145 1293 3188 et

193 3211 269 3261 Harl.
280 3212 384 3273 hebent,
399 3211 511 3260 dissicere
520 3227 529 3269 ,-
545 3210 640 3274 Ultraj.
653 3211 728 3274 prim.
738 3208 864 3266 dimisum
881 3204 955 3256 Leid.
973 3209 1034 3253 tert.
1045 3203 1183 3280 'decusas
1201 3207 1228 3250 et
1243 3215 1292 3264 pro

192 3290 234 3324 rr.
247 3275 661 3339 tt.dtnteare,erjrdteoere;1.eid.·
674 3282 759 3340 quart.
770 3271 905 3334 dijudicari.
931 3267 1111 3332 Mihiqurdem
1121 3279 1173 3342 pon
1186 3265 1291 3342 dubipur

192 3339 303 3402 ridetur,
315 3341 375 3404 quin
387 3340 501 3390 auctoris
513 3341 563 3389 sit:
581 3345 608 3389 ut
618 3339 704 3398 nuth,
713 3337 855 3404 quunjerro
875 3334 988 3384 dimicare
1000 3331 1110 3386 nullm:
1121 3341 1292 3406 rpsuuruenrur,

192 3403 259 3464 qued
271 3405 400 3470 quesivit,
412 3417 520 3454 acumen
531 3411 573 3454 est
582 3405 607 3453 in
617 3403 695 3453 verbo
704 3403 825 3452 dissicere.
848 3373 970 3451 &eternus
979 3397 1075 3446 adest
1086 3395 1150 3470 lies.
1160 3395 1291 3472 retinent?

194 3468 353 3520 Terra-sl
372 3469 492 3518 vorstius
504 3469 586 3532 metit,
598 3468 759 3530 Mithridatis,
777 3473 807 3516 ut
825 3466 851 3515 in
869 3478 920 3514 uno
939 3460 1035 3512 Brund.
1055 3457 1217 3536 lerd.'6.·et
1231 3458 1292 3534 'slus

194 3533 271 3584 codd.
285 3533 415 3596 Rubenii;
426 3548 501 3599 quem
514 3533 572 3584 vids
588 3534 614 3582 iu
625 3534 711 3584 Eleet.
723 3546 743 3582 r.
756 3535 796 3582 19.
808 3531 851 3580 ubi
861 3527 1000 3594 legendum
1012 3537 1081 3588 conJ.
1097 3523 1250 3574 Mrtlrsdutts
1263 3523 1292 3574 F.

684 3658 790 3713 NO'l'AE

223 3763 229 3795 ¹
251 3764 325 3820 Quem
336 3765 447 3814 Mentem
457 3760 529 3823 uxor]
541 3760 606 3811 Cum
618 3759 651 3809 sd
663 3774 720 3824 pos·
789 3757 799 3800 l
815 3756 962 3819 Carthagine
973 3751 1052 3816 Nm]
1069 3749 1110 3801 Ab
1123 3747 1290 3800 lissdrubsle

195 3839 261 3889 tices
276 3839 363 3888 uxoris
379 3839 448 3888 edes
460 3835 627 3902 profugisset,
647 3835 680 3885 eb
691 3850 722 3885 ee
762 3835 902 3883 Poenorum
922 3831 989 3880 duee
1008 3830 1035 3878 in
1051 3825 1181 3888 Hirpsuie
1191 3823 1292 3872 Baetice

194 3922 299 3965 nonest
313 3914 456 3964 admissus:
472 3927 559 3977 quere,
577 3925 609 3960 ue
628 3911 654 3960 iu
665 3925 722 3974 per·
763 3908 796 3959 ed
807 3909 881 3956 littus
891 3906 968 3956 meris
977 3903 1092 3954 condite.

194 3991 354 4055 sequentium
374 4003 465 4040 manns
480 3989 617 4048 incideret,
629 4002 656 4036 se
674 4002 721 4036 suo
794 3982 878 4031 *nuo
897 3979 959 4042 regii
973 3977 1037 4042 filis]
1054 3975 1229 4034 Noutrstres,
1246 3975 1292 4026 ted

195 4065 415 4128 gladioconsodit,
426 4073 455 4116 ut
470 4071 560 4115 auctor
572 4071 611 4114 ert
622 4061 721 4128 Appie-
762 4059 903 4124 patrueles,
924 4069 956 4104 ex
974 4051 1123 4114 Plutarcho,
1148 4049 1241 4100 Corbis
1264 4057 1292 4100 et

195 4154 250 4192 nm·
761 4137 853 4188 oum·

229 4227 240 4272 r
257 4215 354 4267 suns
365 4218 492 4272 roraot
503 4221 559 4270 rer.
570 4221 595 4269 ⁸.
611 4216 677 4269 urb.
688 4217 718 4268 c.
792 4218 804 4269 t
821 4197 1287 4259 sn.rt.sste.01.1t⁸.s.Urb.0

196 4297 252 4347 ru.
262 4293 325 4346 Aut.
335 4293 383 4345 cu.
391 4297 432 4345 ll.
761 4292 818 4340 tlt.
826 4287 889 4339 Aut.
901 4285 948 4336 Cli.
959 4285 1016 4335 2⁰⁵.
1042 4320 1044 4330 .
