3080 5106
450 403 530 450 css.
548 404 588 450 rr.
614 403 661 450 os
684 405 834 454 nnsrrs.
872 436 875 445 .
1126 392 1189 456 527

98 565 206 630 nepos
222 546 372 612 Africani
393 551 475 622 erat,
490 545 609 610 bonurn
631 563 849 630 magnamque
863 553 994 632 purtem
1016 547 1190 616 Numidici

101 650 282 726 exercitus,
302 643 439 731 qucm⁵⁶
460 645 603 709 Lucullo
626 647 772 724 consuli,
788 667 809 712 a
823 669 891 732 quo
915 650 958 714 ad
980 651 1110 714 auxilia
1132 672 1189 734 pe-

102 750 204 816 tenda
228 751 350 816 missus
374 748 492 825 iuerat,
512 747 545 810 in
573 746 775 830 Hispaniam
798 749 944 827 duceret,
967 754 1190 834 promtissima

101 859 211 916 mente
227 851 372 928 tradidit,
386 849 611 932 praesentique
625 851 771 931 periculo
787 858 973 934 respectum
988 855 1118 936 pristini
1134 857 1190 920 be-

101 952 210 1018 neficii
232 951 447 1034 anteposuit?
492 949 565 1028 Ille,
581 969 658 1015 cum
673 950 746 1033 jam
767 959 867 1018 astute
890 952 1079 1031 deficiente,
1098 975 1190 1037 mag-

99 1072 161 1118 nas
185 1055 276 1136 regni
299 1073 395 1136 opes,
409 1055 550 1135 quatuor
575 1058 609 1118 et
631 1053 871 1137 quinquaginta
892 1053 1058 1118 filiorumy
1078 1076 1191 1120 nume-

99 1173 172 1218 rum
183 1162 208 1202 ⁵⁷
230 1156 432 1239 relinquens,
457 1156 491 1218 in
518 1153 640 1218 lectulo
669 1153 846 1231 laberetur,
872 1153 920 1218 M.
949 1155 1191 1234 Manilium,⁵⁸'

100 1257 159 1338 qui
174 1259 373 1339 proconsule
388 1255 540 1320 Africam
555 1254 744 1329 obtinebat,
757 1255 864 1318 literis
882 1256 1081 1334 obsecrauit,
1096 1267 1131 1322 ut
1145 1258 1190 1322 ad

98 1376 133 1420 se
154 1357 349 1442 Scipionem
364 1353 594 1428 AEmillanum,
609 1353 674 1416 sub
696 1371 738 1414 eo
760 1359 842 1416 tuuc
865 1355 1066 1434 militantem,
1080 1361 1190 1424 mitte-

98 1465 163 1522 ret:
186 1461 373 1522 feliciorem
386 1462 526 1518 mortem
543 1472 638 1518 suam
653 1453 794 1518 suturam
805 1462 910 1531 ratus,
919 1457 948 1519 si
962 1457 997 1518 in
1012 1461 1190 1542 complexu

96 1559 232 1624 dextrae
257 1559 333 1641 ejus
363 1576 552 1639 supremum
577 1556 729 1639 spiritum
760 1575 800 1620 ac
823 1556 979 1620 mandata
1007 1561 1189 1640 posuisset.

97 1659 181 1737 Ille,
204 1659 381 1723 adventum
404 1657 575 1742 Scipionis
597 1657 677 1722 fatis
696 1658 766 1722 suis
793 1658 1098 1740 praecurrentibus,·
1119 1661 1192 1726 hunc

97 1761 197 1824 uxori
223 1760 406 1844 liberisque
436 1767 660 1844 praeceperat:
694 1763 820 1824 ‘unum
848 1759 882 1822 in
909 1758 1003 1822 terris
1030 1761 1192 1842 populum

99 1860 306 1936 Romanum,
329 1868 364 1924 et
388 1880 490 1926 unam
514 1862 548 1924 in
572 1861 699 1944 populo
723 1859 916 1924 Romanoa
939 1860 1109 1944 Scipionis
1133 1861 1193 1928 do·

96 1982 191 2026 mum
219 1982 338 2026 nosse:
369 1964 494 2044 integra
523 1963 635 2026 omnia
661 1961 844 2026 AEmiliano
873 1961 1096 2026 reservarer⁶⁰
1117 1984 1194 2028 eum

97 2063 270 2128 dividendi
282 2065 373 2146 regni
387 2061 568 2129 arbitrumi’
583 2062 763 2142 haberent3
785 2061 875 2144 quod
884 2063 915 2126 is
925 2063 1110 2143 statuisset,
1120 2087 1193 2150 per-

559 2259 737 2282 ”Olflssm‘e

97 2389 164 2439 Mos
176 2387 267 2437 endem
280 2401 339 2437 cnm
354 2388 426 2452 Meg.
445 2395 543 2438 storto
555 2388 629 2440 codd.
641 2387 949 2448 Torrendsricusa-dd
966 2387 1047 2437 Codd.
1066 2388 1192 2442 fluctuant

97 2455 170 2504 iuter
179 2467 247 2516 qsess
255 2459 282 2500 et
293 2467 380 2515 quassu
395 2454 443 2501 hoc
453 2453 534 2503 habet
544 2455 606 2504 Vet.
616 2469 674 2503 cunr
682 2453 798 2519 pluribus
809 2452 884 2502 codd.
896 2451 1004 2502 Torreu.
1016 2452 1121 2514 Pighius
1132 2471 1191 2504 con·

99 2527 142 2566 tra
160 2531 247 2566 omues
265 2517 341 2566 codd.
354 2523 381 2566 et
393 2515 453 2566 edd.
477 2526 541 2568 sett.
563 2517 688 2568 dederat:
705 2519 820 2581 quemad
837 2517 959 2568 Lucullum
976 2517 1107 2573 consulem
1123 2533 1192 2568 eum·

116 2597 150 2630 ue
174 2581 257 2630 secuti
280 2588 338 2630 sunt
360 2582 445 2630 Celer.
459 2582 536 2646 Tlrys.
555 2589 582 2632 et
597 2583 693 2646 Delph.
715 2586 742 2631 ut
760 2584 786 2630 is
808 2581 951 2642 Hispaniam
968 2581 1020 2630 duo
1042 2581 1148 2629 Torreu.
1168 2585 1193 2632 is

96 2598 221 2708 iiispusiu
238 2643 316 2693 stou.
337 2659 394 2692 cunr
411 2645 564 2710 quibusdam
587 2646 718 2696 aliia—5⁷
736 2644 833 2695 Medic.
854 2651 876 2694 1.
893 2646 1053 2708 quadraginin
1072 2650 1193 2708 quattuor.

95 2711 203 2759 Nouem
225 2707 434 2757 eundumne.
452 2717 480 2760 et
500 2711 591 2773 Copes.
612 2726 669 2760 cum
687 2711 749 2758 Ver.
767 2710 839 2771 Mog.
859 2709 966 2758 Veneti.
985 2709 1091 2758 Medinl.
1114 2709 1193 2758 Aldd.

14 2791 17 2798 ·
97 2773 206 2835 Gryph.
224 2771 306 2820 Colin.
325 2779 352 2820 et
363 2773 453 2835 Steph.
473 2789 576 2824 sumere.
610 2775 712 2823 Deinde
724 2773 776 2821 duo
787 2774 893 2820 Torren.
904 2773 930 2818 iu
941 2773 1066 2826 lectulum
1083 2778 1111 2820 et
1128 2789 1193 2822 unrrs

99 2837 219 2899 ejusdem
241 2835 375 2894 luderetur,⁸
392 2851 448 2899 quae
461 2838 534 2886 lectt.
552 2852 603 2885 unu
622 2837 764 2896 displicent
782 2834 867 2882 eidem
885 2834 1018 2881 Torrenio.
1045 2833 1194 2886 Perizonius

99 2900 173 2963 conj.
184 2898 404 2949 diminutum-68
420 2902 499 2950 Multi
511 2899 588 2950 codd.
599 2897 801 2946 Mnillusilium:
817 2896 892 2944 multi
912 2896 989 2944 etiam
1009 2897 1048 2957 qui
1065 2905 1194 2959 promum,

98 2966 167 3013 Turn
186 2963 283 3012 Medic.
293 2964 403 3013 Niteris
413 2963 630 3026 supplicavit-5⁹
647 2961 744 3020 Copes.
755 2974 827 3007 usum
842 2959 868 3005 s's
884 2960 955 3008 curis.
986 2959 1041 3007 Pro
1053 2963 1134 3022 populo
1146 2966 1195 3011 Rs-

97 3043 169 3079 musro
180 3029 243 3076 Vet.
254 3027 332 3076 hebet
343 3028 499 3087 petrin—ou
510 3024 619 3086 Pighius
629 3037 675 3086 pro
684 3037 811 3086 sermore,
822 3021 889 3086 quod
900 3021 975 3073 codd.
985 3025 1090 3074 Torren.
1102 3025 1197 3075 duode-

596 3163 705 3240 unum

132 3356 144 3389 r
164 3347 308 3402 Quotuuret
328 3339 500 3404 quinquaginta
511 3335 632 3402 βοτη]
673 3342 701 3385 et
713 3335 860 3399 Appianus,
875 3343 902 3384 et
913 3335 975 3397 alii3
999 3335 1093 3386 Cicero
1109 3341 1198 3384 tumen

98 3422 224 3472 Totidem
236 3423 356 3467 numerat
368 3415 522 3479 Eutropiou
540 3414 631 3462 decem
672 3413 727 3462 uult
737 3411 883 3475 Scipionem
895 3419 955 3461 ante
978 3411 1121 3460 Masinissae
1144 3409 1198 3457 obi-

99 3503 205 3548 tnutum
232 3494 363 3544 Diodorus
387 3499 414 3541 et
436 3491 549 3554 Appisn.
569 3503 631 3552 quos
672 3485 881 3536 tumadsenisse.

99 3577 173 3624 inter
186 3579 239 3622 tres
250 3570 367 3634 legitimi,
383 3569 503 3631 Micipsa,
518 3566 632 3615 Gulussa
704 3559 716 3594 l
732 3561 861 3610 Diuidesdi
871 3562 939 3624 regui
948 3559 1077 3621 arbitrum]
1096 3558 1197 3607 Nomen

100 3655 130 3699 et
146 3645 330 3696 Mansstsbat:
357 3644 445 3706 plures
464 3640 566 3705 quidem
588 3639 630 3686 ira·
672 3637 769 3700 regium
785 3637 907 3700 legitimis
924 3649 1059 3686 commune
1079 3645 1135 3682 esso
1154 3648 1196 3680 vo·

100 3726 208 3784 buoni,
219 3722 263 3771 sed
283 3721 326 3770 alii
346 3720 396 3770 slis
415 3727 532 3781 tempore
547 3716 630 3779 perie·
671 3713 730 3775 luit,
755 3727 912 3778 regnumque
924 3709 1201 3776 prncujusquestudio

102 3807 174 3850 rant.
671 3789 782 3853 partitus
793 3795 851 3840 est:
878 3788 1000 3850 Micipsae
1020 3784 1092 3847 pacis
1110 3797 1197 3831 amnn-

136 3874 294 3924 ¹Mrsr'uus
313 3867 455 3935 [Musitant]
483 3866 576 3916 Melius
593 3865 629 3916 le·
669 3860 1087 3925 tissimocertnregioassignatn;
1104 3858 1198 3908 Gulus-

104 3951 173 4014 geris
185 3948 331 4007 lllnnilium,
341 3945 386 4010 qui
397 3944 492 3992 bellum
504 3940 631 3990 Punicum
671 3955 707 3990 sre
729 3939 791 3988 belli
802 3938 915 3987 studioso
928 3935 989 3985 belli
999 3935 1121 3998 pacisque
1137 3947 1199 3982 curn

105 4030 212 4076 tertium
241 4020 382 4082 inchoarit,
403 4018 450 4068 suls
474 4033 524 4081 qno
545 4017 633 4080 Scipio
671 4014 821 4074 commissu
848 4010 1031 4074 Muuastnbnli,
1051 4011 1096 4074 qui
1116 4011 1197 4059 literis

107 4107 207 4165 quarte
217 4099 327 4164 legionis
336 4095 463 4146 Tribunus
474 4100 539 4142 arnt.
672 4087 775 4141 Grecis
791 4085 906 4136 eruditus
925 4093 993 4150 erat,
1009 4085 1118 4138 subditis
1133 4085 1197 4151 juris

136 4182 149 4209 ¹
158 4175 280 4226 Futisrais
288 4168 497 4240 praemortuus]
505 4167 633 4218 ltsetism
672 4163 778 4217 dicendi
789 4163 849 4213 dats
861 4168 982 4226 potestus.
