3230 5092
353 453 503 504 sanxi.
527 452 574 501 ΒΕ
599 449 824 500 sansovinus
848 451 996 500 Alt'l'llllrl
1023 451 1149 501 RARIS.
1231 435 1297 502 79].

211 595 289 666 tem,
303 597 459 656 moestum
475 590 644 674 Ulyssem,
653 590 848 655 clamantem
863 587 1044 674 Ajacem,¹⁹
1063 591 1303 676 lamentantem,

210 688 401 754 Menelaum
424 691 513 755 circa
534 710 625 755 mam
653 691 835 766 statuisset,
851 697 955 772 capnt
976 688 1234 773 Agamemnonis
1245 691 1296 752 in·

208 789 382 868 volvendo,
394 809 500 855 nonne
520 792 639 855 summi
653 791 806 855 moeroris
828 791 1041 855 acerbitatem
1068 794 1137 853 arte
1155 789 1296 870 exprimi

207 907 273 951 non
285 908 384 970 posse
398 891 573 954 confessus
588 892 665 954 esti
710 890 830 972 Itaque
842 891 976 972 pictura
998 890 1081 972 ejus,
1094 887 1295 970 haruspicis,

207 987 431 1065 amicornm,²⁰
451 996 486 1053 et
498 989 610 1053 fratris
623 989 779 1071 lacrymis
800 990 930 1055 madet:
952 991 1057 1072 patris
1071 987 1185 1053 fletum
1200 1005 1296 1070 spec·

205 1087 307 1150 tantis
323 1087 456 1152 affectui
472 1089 702 1153 aestimandum
718 1088 875 1170 reliquit!

247 1186 279 1247 ⁷.
301 1186 412 1269 Atque
426 1196 464 1251 ut
480 1187 632 1270 ejusdem
654 1187 757 1251 studii
780 1186 936 1268 adjiciam
960 1184 1160 1267 exemplum,
1174 1184 1294 1265 praeci·

204 1301 283 1364 puae
298 1286 381 1351 artis
395 1284 522 1371 pictor¹
542 1306 661 1370 equum
677 1289 719 1350 ab
732 1287 971 1351 exercitatione
982 1285 1182 1360 venientem,
1193 1282 1293 1346 modo

203 1399 273 1446 non
287 1386 413 1462 nuum,
427 1388 540 1449 labore
561 1386 733 1450 industriae
758 1404 829 1448 suae
849 1383 1172 1467 comprehenderat:⁶
1194 1383 1292 1464 cujus

202 1484 338 1548 naribus
350 1504 488 1568 spumas
504 1485 648 1568 adjicere
663 1486 815 1567 cupiens,
830 1489 942 1548 tantus
955 1482 1072 1547 artifex
1087 1483 1121 1544 in
1135 1486 1204 1544 tam
1216 1500 1293 1562 par·

201 1581 280 1645 vnla
293 1585 434 1646 materia
455 1584 596 1647 multum
617 1603 659 1648 uc
675 1584 734 1648 diu
747 1584 870 1648 frustra
891 1583 1091 1647 terebatur.²¹
1135 1580 1293 1662 Indigna·

201 1679 291 1744 tione
306 1681 426 1745 deinde
446 1702 618 1761 accensus,
642 1685 817 1768 spongiam
840 1685 992 1748 omnihus
1017 1682 1176 1745 imbutam
1199 1680 1291 1741 colo·

200 1778 292 1842 ribus
313 1781 396 1844 sorte
411 1781 514 1863 juxta
535 1802 572 1846 se
593 1785 737 1866 positam
760 1782 989 1864 apprehendit,
1003 1786 1039 1843 et
1051 1779 1194 1842 veluti²²
1217 1794 1290 1839 cor·

199 1885 358 1960 rupturus
379 1899 467 1962 opus
489 1901 595 1958 suom,
610 1883 734 1947 tabulae
752 1881 858 1944 illisit.
901 1878 1012 1956 Quam
1026 1877 1162 1940 fortuna
1179 1875 1222 1938 ad
1237 1875 1286 1956 ip·

199 1994 256 2040 sas
267 1981 343 2061 equi
353 1999 450 2045 nares
459 1981 616 2044 directum
629 1979 830 2044 desiderium
840 1978 980 2063 pictoris
992 1973 1102 2055 coligit
1111 1974 1288 2056 explere.²³

198 2073 319 2160 Itaque
341 2081 431 2162 quod
454 2101 508 2145 ars
530 2080 726 2145 adumbrare
739 2087 768 2128 ²⁴
788 2099 854 2142 non
875 2078 988 2154 valuit,
1013 2094 1115 2145 casus
1137 2074 1289 2137 imitatus

199 2183 263 2239 est.

227 2334 238 2368 ⁵
248 2337 334 2413 licque
343 2341 368 2387 ἐκ
376 2339 522 2416 ιζὶὶσιεαὸεϋσ,
531 2342 610 2417 hasa
617 2342 744 2418 haruspex,
752 2338 831 2400 naid,
839 2337 947 2398 sifrnter
957 2334 1198 2412 mmeffissdsrs
1206 2333 1287 2382 nidos·

195 2398 1244 2531 “i’siac‘atttimiiimtirdamitrhiia
1258 2462 1287 2508 ,ι

193 2530 398 2578 amoneretur.
650 2621 828 2646 Μ,

192 2727 384 2788 supplan—ra
400 2729 496 2777 Badius
508 2731 573 2791 legit
585 2734 700 2793 ormam,
717 2733 785 2796 qnod
804 2733 897 2794 prohat
918 2731 1136 2781 Glareanus-2⁰
1152 2725 1196 2776 Its
1208 2725 1284 2788 Pigh.

191 2803 224 2837 ex
237 2789 332 2838 einen.
345 2805 403 2838 curn
413 2797 473 2838 saie
485 2791 584 2839 editum
601 2802 671 2843 esset
686 2797 778 2851 assim
794 2809 858 2844 unns
876 2795 973 2844 Brund.
991 2801 1019 2842 et
1037 2791 1132 2854 Ultrsj.
1145 2794 1169 2840 l.
1185 2789 1285 2839 hahent

192 2853 270 2901 etism
282 2853 426 2910 emmeram
443 2853 525 2902 ceteri
537 2866 624 2901 omnes
634 2856 714 2902 amici.
746 2857 849 2906 Deinde
860 2857 1099 2906 interminandum
1109 2860 1137 2902 et
1147 2853 1284 2902 existam

190 2918 247 2964 dass
265 2913 393 2965 fluctuant
410 2915 550 2964 codd-il
568 2916 577 2944 ‘
587 2916 661 2965 Quod
683 2915 789 2976 Pighius
808 2925 838 2966 ut
856 2920 982 2968 diversam
1000 2919 1139 2967 lectionem
1158 2917 1184 2964 ln
1201 2929 1284 2976 marg.

189 2985 319 3041 posuerat,
329 2979 354 3028 id
366 2979 473 3029 Colarns
488 2979 587 3040 recepit
597 2979 623 3026 in
641 2983 761 3035 testum
779 2978 933 3042 scripsitque
949 2981 1085 3034 tmhstm
1100 2978 1127 3025 ld
1156 2977 1283 3026 undidem

189 3049 217 3090 et
228 3042 255 3090 ln
267 3043 336 3091 Dsn.
346 3041 509 3091 observarit:
528 3043 585 3105 lpse
614 3054 699 3104 noque
710 3040 735 3088 in
748 3047 858 3103 niroqne
869 3040 967 3089 Brund.
978 3041 1005 3088 id
1015 3040 1142 3098 obseram
1170 3038 1282 3102 nhetque

190 3118 240 3153 non
253 3105 329 3153 aliter
340 3105 450 3167 Herhip.
460 3103 566 3168 Pighius
576 3056 842 3153 edidernttesctstsr!
857 3104 945 3152 Vorst.
963 3099 1281 3150 ‘tmtntmhshentleld

189 3167 269 3229 quint
281 3167 373 3217 Ultrs'.
386 3182 437 3219 sec.
450 3168 548 3217 Douse.
558 3176 584 3218 et
596 3181 642 3230 pro
654 3182 679 3216 s.
696 3169 712 3215 1.
728 3167 781 3215 Bit.
792 3167 867 3228 prim.
884 3172 911 3214 et
922 3165 968 3215 Mo
987 3164 1003 3214 .'
1021 3163 1183 3212 nem-ss
1199 3161 1282 3212 Pauci

189 3229 266 3279 codd.
275 3237 304 3279 et
313 3183 372 3281 edd.
385 3238 445 3281 ants
456 3232 531 3296 Pigh.
543 3237 566 3280 rt
576 3245 628 3280 enas
637 3231 718 3280 uini.
752 3229 815 3277 Mox
825 3243 890 3279 nnus
900 3228 959 3278 cod.
967 3179 1073 3277 domn.
1082 3225 1179 3274 omittit
1187 3225 1280 3274 ueste

188 3297 253 3342 -28
270 3294 363 3356 lllsrgo
374 3294 468 3356 Pighii,
483 3295 564 3357 hipsli
580 3293 655 3355 liber,
669 3294 730 3342 Vel.
740 3292 837 3356 Ultrnj.
847 3297 873 3341 ἱ.
891 3293 993 3341 Doasc.
1010 3297 1038 3339 et
1048 3289 1121 3352 Meg.
1131 3290 1281 3350 exemplum

186 3356 255 3405 undo
265 3356 367 3419 lipsius
377 3359 521 3421 cuiuspiam-
532 3356 645 3406 nonnulli
656 3357 781 3418 φησι
788 3371 798 3414 ,·
816 3355 890 3405 molti
907 3353 982 3405 codd.
994 3355 1161 3418 sepina-u
1178 3351 1280 3416 ‘ltaque

259 3420 399 3469 adamim
410 3421 516 3482 Pighius
528 3428 556 3470 et
567 3434 626 3469 suro
634 3418 727 3480 secuti,
738 3418 781 3468 nhi
794 3419 857 3468 vitio
868 3417 1020 3483 typographi
1031 3431 1072 3466 ars
1078 3416 1197 3465 omissum
1206 3423 1280 3464 nots·

206 3489 234 3532 st
244 3482 356 3544 Gudins,
366 3483 462 3533 habent
470 3483 593 3533 snimhoc
605 3481 672 3530 Edd.
684 3490 712 3530 et
723 3482 786 3530 Mas
798 3489 895 3545 preter
904 3483 976 3547 Mag.
987 3488 1016 3531 et
1025 3479 1121 3544 Ulissi.
1133 3493 1185 3530 sec.
1193 3478 1279 3529 onalsit

190 3547 287 3608 primns
297 3547 413 3597 colorus.
446 3548 540 3612 ltaque
551 3544 685 3596 revocari·’
702 3545 799 3594 Tor-ren

677 3684 786 3736 th'l'AE

186 3802 224 3844 us.
241 3787 346 3852 Ulyssss
368 3789 520 3841 Graecorum
545 3789 633 3852 duces,
651 3802 710 3839 cnm
785 3786 791 3820 ¹
809 3787 940 3850 erasm
956 3786 1017 3835 artis
1036 3783 1124 3848 pictor]
1150 3783 1214 3832 Sunt
1231 3783 1276 3845 qul

186 3860 295 3912 Homeri
311 3869 340 3911 et
356 3862 440 3913 llisde
459 3871 488 3912 et
507 3863 634 3927 Odyssea,
656 3869 709 3912 tum
750 3861 868 3925 Apellam
877 3860 1062 3920 inhaeselini3
1078 3857 1177 3907 Plinius
1188 3863 1275 3906 umen

184 3934 293 3986 AEnelde
324 3937 427 4002 Virgilii
460 3937 596 3988 notissimi.
635 3936 709 3986 Idem
749 3936 890 3986 lihmr.
903 3951 926 3985 c.
939 3939 979 3984 lo.
996 3932 1023 3982 id
1039 3929 1132 3982 Nasici
1152 3931 1180 3978 ln
1199 3943 1274 3994 equo,

185 4010 254 4070 quod
269 4011 398 4073 Valerius,
408 4011 435 4061 in
446 4009 558 4061 Oratore
568 4017 657 4060 narrat
668 4010 709 4059 ei·
749 4017 777 4060 st
788 4009 928 4074 Protogeni
945 4009 972 4058 in
988 4021 1053 4058 nsua
1071 4003 1210 4068 contigisse
1221 4010 1272 4054 tas·

184 4094 254 4132 cero.
749 4090 829 4134 tatur.
