3080 5106
466 461 545 509 cnr.
564 459 645 508 vrrr.
671 459 718 508 na
742 457 1032 511 trananturnra.
1230 451 1294 515 491

209 602 438 669 memorationi
451 621 616 666 vacemus.
661 601 766 684 cnjus
792 602 861 665 duo
884 611 961 668 aunt
974 605 1121 670 manime
1136 608 1295 690 prohabi-

211 707 262 770 les
276 705 404 784 sontcs3
425 723 539 767 verum
550 701 725 785 judicium,
734 708 768 768 et
780 702 922 769 honesta
929 707 1166 773 benevolentia.
1204 709 1295 776 Nam

208 825 286 871 cum
308 809 352 870 ab
373 806 425 869 his
450 805 562 880 oritur,
577 811 657 867 tuuc
676 803 805 867 demum
821 805 854 867 ei
874 807 981 870 ratio³
1007 816 1149 872 constat.
1194 811 1294 876 Dono

209 916 318 975 autem
335 907 401 990 ipsi
417 907 556 989 gratiam
570 911 626 969 et4
646 905 836 987 magnitudo
850 907 983 988 quidem
1007 929 1085 989 sua3
1109 909 1167 973 sed
1183 910 1295 978 edica-

206 1011 329 1074 ciorem
343 1011 514 1092 aliquanto
529 1008 762 1092 opportunitas
778 1007 963 1073 concilicet.t

250 1111 284 1173 t.
306 1110 450 1174 Accedit
465 1111 552 1174 enim
568 1110 675 1194 pretio
696 1110 746 1174 rei
765 1111 997 1175 inaestimabile
1018 1119 1223 1177 momentum
1239 1135 1296 1178 oc-

206 1211 365 1289 casionis,
379 1231 456 1293 quae
472 1210 611 1275 Fabium
627 1210 835 1275 Maximum⁵
858 1218 998 1278 tutante
1018 1214 1148 1278 saecula
1163 1217 1207 1278 ob
1221 1235 1296 1297 par·

205 1329 283 1378 vam
307 1313 463 1395 pecuniae
487 1331 650 1375 summam
677 1318 854 1392 erogatam,
879 1312 1009 1379 adhoc
1032 1334 1141 1398 usqne
1165 1321 1295 1399 tempus

205 1409 410 1478 laudabilem
434 1411 526 1475 fecit.
580 1410 746 1494 Captivos
775 1415 818 1476 ab
849 1413 1066 1480 Hannibale·
1099 1418 1296 1501 interposita

205 1515 364 1598 pactione
390 1531 596 1575 nummorum
623 1516 817 1595 receperat:
843 1514 903 1595 qui
932 1533 1008 1578 cum
1037 1533 1059 1578 a
1084 1522 1201 1580 senatu
1228 1535 1296 1582 non

206 1619 454 1696 praestarentur,
468 1614 572 1676 misso
596 1613 630 1676 in
645 1614 761 1677 urbem
785 1614 865 1690 filio,
878 1613 1025 1691 fundum,
1041 1635 1138 1697 quem
1161 1619 1295 1682 unicum

207 1715 417 1797 possidebat,
429 1715 588 1793 vendidit,
608 1715 748 1799 ejusque
772 1716 913 1798 pretium
936 1714 1120 1780 Hannibali
1145 1719 1295 1798 protinus

206 1815 398 1878 numeravit.
443 1815 481 1878 Si
496 1815 537 1878 ad
553 1816 703 1880 calculos
717 1823 905 1893 revocetur,
920 1835 1073 1899 parvum,
1088 1821 1207 1900 utpote
1222 1835 1296 1900 sep·

207 1921 275 1979 tem
293 1915 479 1999 jugeribus,
496 1923 531 1979 et
548 1915 634 1980 hoc⁶
655 1916 690 1978 in
710 1915 855 1998 Pupinia
877 1915 1032 1992 addictio,
1050 1915 1243 1980 redactum:
1267 1917 1297 1980 si

208 2015 342 2078 animo⁷
364 2017 542 2098 erogantis,
558 2016 647 2078 omni
661 2017 804 2097 pecunia
820 2015 939 2096 majus.
984 2015 1028 2078 Se
1041 2017 1127 2079 enim
1141 2019 1296 2099 patrimo-

208 2115 383 2199 aliquam
407 2116 552 2200 patriam
578 2115 668 2195 fidei,
683 2117 819 2198 inopem
844 2133 919 2180 esse
941 2118 1082 2180 maluit:
1104 2117 1296 2200 ecquidem

209 2215 334 2300 majore
362 2217 661 2294 commendatione,
685 2216 797 2298 qnod⁸
819 2217 916 2300 proni
940 2215 1041 2280 studii
1064 2217 1187 2281 certius
1209 2218 1296 2282 indi·

239 2448 251 2482 ⁸
266 2450 333 2500 Βοιαὶ
343 2454 480 2515 magnitudo
489 2452 554 2514 sarit
564 2455 665 2518 quidone,
681 2460 707 2504 ut
717 2459 814 2517 grutam
822 2455 854 2503 ait
863 2470 873 2512 ,·
889 2455 962 2504 multo
981 2459 1060 2503 tumen
1076 2455 1171 2516 gratiae
1181 2458 1226 2516 eat,
1241 2455 1296 2503 licet

206 2526 315 2578 mum,
329 2517 488 2580 amporam
498 2519 573 2569 detta

681 2659 692 2678 Ι
695 2655 843 2679 ‘omnen

206 2785 274 2899 Ὲοά
285 2787 409 2837 Turranio
418 2788 481 2838 satir
494 2789 595 2852 placen
611 2805 702 2840 novem
713 2791 788 2841 codd.
799 2793 907 2840 Tauron.
923 2791 955 2838 ud
972 2789 1090 2852 proprium
1100 2803 1167 2845 rear
1183 2788 1296 2837 alileam

247 2850 281 2898 id·
293 2856 317 2900 l.
328 2852 359 2899 ad
368 2854 487 2914 proprium
497 2854 619 2911 decorem
634 2855 707 2902 Laid.
719 2858 744 2901 t.
752 2868 810 2915 rem,
820 2855 874 2900 eive
885 2855 998 2914 decorem,
1015 2855 1070 2900 aive
1079 2854 1193 2902 ardorem
1226 2853 1297 2914 Kap-

206 2915 250 2977 plo
260 2915 339 2964 lectio
350 2917 473 2965 textnallr
485 2929 534 2963 non
543 2917 668 2964 nurtauda
679 2916 790 2963 videtur.
822 2915 875 2962 l’ro
885 2919 1004 2962 revocetur
1015 2929 1079 2964 unas
1087 2915 1195 2964 Torren.
1204 2931 1296 2965 moce-

205 2982 313 3027 atua-t
332 2979 373 3026 lta
390 2991 479 3026 ornnes
497 2977 579 3042 codd..
592 2978 699 3026 Turran.
716 2977 788 3025 held.
807 2981 831 3025 l.
851 2979 941 3024 ortem
957 2975 1065 3041 beneflcio
1081 2979 1193 3039 largitur
1211 2981 1296 3042 uulgg.

206 3048 267 3089 ante
279 3041 409 3104 Pigtrium,
421 3043 472 3100 q'ua
481 3041 600 3088 tutia-⁴
617 3039 660 3088 Sic
670 3039 766 3088 Brund.
779 3045 801 3089 1.
812 3043 837 3088 ².
848 3039 1003 3088 Torreniani
1022 3047 1049 3088 at
1067 3041 1127 3088 edd.
1140 3051 1204 3089 vett.
1218 3046 1241 3089 et
1253 3055 1297 3090 ea·

227 3103 427 3164 unxitPtatrtns,
446 3103 506 3164 qrria
517 3117 566 3150 oon
579 3101 688 3152 hahetur
699 3103 725 3151 ln
740 3103 797 3152 Suc.
815 3111 844 3152 et
864 3103 948 3151 l’nlnr.
980 3103 1032 3150 Sea
1051 3102 1125 3151 codd.
1144 3105 1253 3153 durren.
1271 3113 1298 3154 et

241 3167 376 3230 appatio
395 3172 418 3215 et
439 3166 584 3227 munituna.
618 3167 681 3216 ltlox
701 3165 796 3231 Ultraj.
813 3171 837 3217 l.
856 3167 1028 3232 efficacia-t
1046 3167 1152 3230 Pighius
1172 3167 1299 3232 ediderat,

206 3243 259 3292 qna
271 3231 303 3286 Q.
317 3229 417 3280 Fadium
429 3229 571 3289 Matinum,
582 3239 672 3280 contra
688 3245 775 3280 omncs
795 3231 871 3281 codd.
888 3237 916 3281 at
927 3229 987 3279 edd.
1004 3237 1070 3280 vett.
1103 3229 1178 3280 Fadio
1190 3232 1298 3280 maxim

206 3292 232 3342 ln
245 3293 304 3344 Vct.
338 3293 436 3343 Eadem
448 3309 505 3343 cum
518 3294 588 3356 hlog.
601 3301 628 3344 et
639 3308 726 3344 ornnes
736 3294 791 3344 fere
802 3294 879 3345 codd.
888 3296 994 3344 Torreu.
1010 3309 1084 3357 paruo
1092 3296 1197 3356 pecumoe
1208 3309 1298 3344 aarum

206 3364 322 3420 nugata,-
339 3359 430 3420 Copae.
441 3359 632 3421 puwapecuaioe
639 3373 728 3408 aarum
736 3365 848 3420 nugata·
857 3361 965 3408 Venett.
977 3358 1005 3406 oh
1015 3373 1112 3422 mana
1122 3359 1227 3420 pecunia
1237 3373 1299 3407 mm·

208 3437 270 3471 mura
281 3429 393 3482 erogata.
410 3421 493 3471 Codd.
505 3430 578 3471 certe
590 3436 640 3473 non
652 3423 749 3472 hahent
760 3425 788 3472 cb
795 3439 804 3482 ,-
816 3438 894 3488 quare
904 3423 1041 3472 Torrentur
1049 3423 1123 3471 malit
1131 3429 1160 3471 nt
1170 3423 1194 3470 iu
1202 3423 1264 3470 Vct.
1272 3430 1299 3471 et

209 3483 330 3549 Mna—6
341 3485 383 3535 lta
392 3501 456 3534 uuus
465 3485 561 3535 Brund.
570 3485 646 3535 codd.
656 3485 711 3534 fere
723 3501 811 3535 ornnes
820 3489 927 3535 Torren.
937 3483 1060 3536 erveta
1068 3487 1119 3535 hac
1125 3487 1151 3535 in
1159 3487 1215 3534 aliia
1223 3485 1298 3534 codd.

205 3551 298 3599 etedd.
306 3555 369 3600 vett.
386 3549 438 3598 Pro
444 3549 546 3598 addictis
555 3549 628 3599 Laid.
637 3554 660 3598 l.
668 3551 755 3608 oditis,-
766 3550 848 3598 Barb.
858 3549 991 3608 lauditia·
1002 3549 1182 3606 flatandum
1190 3549 1298 3599 Torren.

259 3614 266 3626 .
322 3615 327 3627 .
462 3614 466 3626 .
502 3613 507 3624 .
670 3615 676 3626 .
770 3615 778 3640 ,
956 3613 962 3626 .
1069 3615 1074 3626 .
1216 3615 1223 3634 ,

206 3613 1300 3741 suntantea.attunt...transmutatustut:

204 3740 294 3799 sarth·
324 3741 461 3790 'l'orreniua
472 3754 535 3790 varo
549 3743 590 3804 plo
601 3743 727 3802 negantia.
750 3743 811 3790 Vct.
827 3741 985 3804 proroganda
1019 3740 1175 3803 Utrumque,
1193 3748 1221 3789 et
1236 3755 1299 3803 paa-

206 3815 303 3864 rogare,
320 3812 348 3852 et
362 3819 498 3866 prorogare,
516 3805 606 3856 adura
624 3805 749 3854 consultis
768 3820 929 3868 praerogare
947 3805 1049 3853 dicitur.
1082 3803 1204 3852 Ceterum
1215 3818 1298 3868 neque

208 3867 351 3931 Rotgerrii,
368 3883 452 3932 neque
471 3869 588 3918 Torrenii
608 3869 760 3932 conjectura
800 3869 886 3918 lacet!
902 3869 1032 3932 liupo—8
1053 3866 1095 3915 lta
1114 3867 1212 3918 Brund.
1234 3873 1255 3917 1.
1273 3873 1299 3918 2.

205 3931 302 3996 aliique
314 3929 389 3979 codd.
409 3945 467 3980 cnm
483 3931 543 3980 edd.
564 3939 628 3982 vett.
645 3949 714 3996 quum
732 3934 757 3980 in
776 3884 869 3994 Rupes.
885 3945 928 3994 pao
948 3929 1057 3980 dederat
1076 3931 1192 3992 Pighius.
1225 3929 1297 3981 Idem

205 4011 264 4048 mox
271 3997 339 4044 Alter
349 4009 369 4043 e.
377 4011 399 4058 q.
409 3999 518 4058 prestat,
526 3999 612 4058 potat,
620 4005 710 4046 contra
718 4009 805 4044 omnes
816 3994 891 4044 codd.
912 3995 1066 4043 Turraniani
1075 3995 1180 4059 intriper
1189 3995 1296 4047 habent:

699 4151 806 4206 NOTAE

233 4273 244 4300 ⁸
262 4266 373 4330 Captivos
383 4266 413 4315 uh
424 4263 573 4327 Hannibale]
589 4265 648 4317 lam
662 4266 793 4331 attigimus
806 4265 869 4316 hanc
880 4264 1013 4316 historiam
1025 4265 1070 4316 lib.
1082 4279 1114 4317 rr.
1125 4271 1182 4317 cl.
1194 4281 1221 4316 a.
1235 4271 1273 4315 la.
