3234 5110
428 424 579 474 usnrx.
601 426 650 474 or
677 425 892 500 uonnnsrrs
917 427 1112 481 rsrnruus.
1255 387 1319 487 579

673 715 776 783 cnP.
800 718 870 783 IX.

238 895 326 976 QUI
348 897 605 968 nonnum
626 901 758 968 ERGA
780 902 1047 971 SUSPEGTOS
1071 904 1302 971 LIBEROS.¹

219 1099 223 1126 ·'
242 1101 256 1145 1
274 1097 304 1147 1..
316 1098 414 1150 Gellius
424 1101 569 1178 l’oplicoln
802 1107 818 1152 8
836 1103 939 1155 Fulvius
951 1105 1067 1184 quidem.

220 1213 225 1222 ,
241 1165 258 1210 2
274 1163 306 1214 0.
317 1163 468 1216 Hortensius
478 1173 574 1217 orstor.
804 1172 819 1217 l
836 1169 917 1220 Pater
927 1170 1041 1234 qnidam.

265 1338 341 1403 Suo
363 1345 403 1402 ut
416 1339 505 1401 hauc
520 1338 691 1401 incitatam
714 1344 748 1403 et
763 1357 917 1421 asperam
938 1343 1147 1407 severitatem
1161 1345 1312 1409 mitiores

221 1440 350 1504 relatu²
373 1443 506 1521 patrum
531 1457 641 1502 mores
663 1440 847 1504 clementias
869 1461 939 1505 suae
962 1444 1107 1506 mixtura
1126 1451 1313 1528 temperent,

222 1547 356 1604 exacta)
369 1557 480 1620 poenae
494 1557 657 1602 concessa
671 1540 773 1602 venia
781 1540 951 1623 jungatur.

267 1640 298 1703 l.
320 1638 360 1703 L.
376 1638 504 1704 Gellius
516 1647 549 1686 ³⁸
571 1639 725 1704 omuibus
739 1639 921 1706 bonoribus
933 1641 976 1705 ad
991 1661 1164 1706 censuram
1178 1643 1313 1708 defunc-

217 1747 290 1818 tus,
306 1761 383 1805 cnm
402 1740 600 1822 gravissima
623 1742 761 1804 crimina
786 1741 829 1804 de
843 1740 924 1819 filio,
949 1742 983 1805 in
998 1750 1201 1806 novercam4
1223 1763 1314 1807 com-

220 1843 356 1906 missum
380 1847 544 1924 stuprum,
560 1845 594 1904 et
616 1840 827 1923 parricidium
854 1843 1047 1924 cogitatum,
1071 1841 1311 1928 propemodum

220 1942 394 2031 explorata
407 1943 555 2020 baberet,
570 1963 636 2006 uon
660 1951 772 2006 tamen
793 1943 836 2006 ad
852 1944 1034 2008 vindictam
1056 1946 1221 2027 procurrit
1236 1965 1313 2009 con-

221 2043 325 2123 tinno,
339 2044 400 2108 sed
414 2064 511 2127 paene
525 2045 681 2107 universo
698 2051 816 2106 senatu
837 2042 988 2108 adhibito
1002 2045 1037 2106 in
1051 2044 1238 2122 consilium,
1254 2065 1313 2110 ex-

217 2146 341 2228 positis
352 2146 614 2229 suspicionibus,
629 2144 827 2208 defendendi
843 2165 880 2209 se
893 2145 1098 2210 adolescenti
1111 2153 1312 2228 potestatem

218 2244 307 2307 iecit.
351 2243 575 2329 Inspectaque
588 2245 836 2326 diligentissime
853 2266 969 2323 causa,
985 2247 1133 2310 absolvit
1150 2267 1225 2310 eum
1242 2254 1310 2312 tum

218 2345 361 2424 consilii,
378 2351 448 2410 tum
466 2349 566 2412 etiam
592 2365 653 2411 sua
668 2347 861 2412 sententias
914 2346 1017 2425 Quod
1043 2349 1073 2412 si
1096 2349 1225 2432 impetu
1250 2351 1308 2414 irae

668 2536 846 2558 ”eunucu

250 2654 263 2700 t
281 2651 363 2702 Codd.
382 2653 539 2703 conveniunt
556 2653 610 2705 fere
628 2657 812 2722 antiquioribus
822 2657 881 2707 edd.
892 2657 1061 2707 exhibentes:
1081 2657 1253 2718 Depurestum
1264 2656 1306 2703 ud·

108 2737 110 2740 ·
215 2722 420 2781 uersutmpeotos
426 2717 512 2766 liberos
523 2721 735 2770 acimum-s
745 2722 789 2771 Sic
799 2723 895 2784 copes.
907 2721 980 2771 Leid.
988 2727 1012 2768 t.
1022 2721 1117 2781 Ultrsj.
1128 2724 1182 2768 l.2.
1193 2727 1220 2768 et
1228 2719 1307 2769 Barb.

218 2783 242 2829 1.
254 2793 309 2828 curn
319 2781 381 2830 Vet.
392 2783 462 2829 relati
473 2781 567 2832 babent
577 2785 696 2834 undecim
710 2785 787 2834 codd.
802 2785 913 2833 Torreu.
926 2783 996 2846 qnod
1006 2783 1144 2832 Perizonio
1152 2781 1305 2845 placuit-³

217 2841 281 2892 Cod.
292 2845 420 2902 herculi,
432 2851 461 2893 ut
472 2852 498 2894 et
509 2846 607 2909 aliquot
626 2848 735 2896 Torreu.
754 2848 784 2894 1..
803 2849 927 2906 Agellim
950 2847 993 2894 alii
1010 2845 1160 2908 simpliciter
1179 2847 1306 2908 Arellium

215 2907 286 2956 Iaeid.
305 2909 449 2970 &duellius
467 2908 560 2958 Lucina
600 2911 664 2958 Mox
690 2908 781 2970 Aldus,
808 2912 839 2957 ud
862 2923 983 2958 cessurum
1002 2923 1074 2973 usque
1094 2909 1236 2969 defunctus,-
1259 2909 1306 2957 sed

214 2971 321 3036 Pighius
332 2987 403 3035 uque
415 2974 551 3034 expunxit,
570 2973 638 3034 quod
657 2972 682 3019 in
701 2971 778 3020 codd.
791 2972 816 3019 id
829 2986 880 3021 non
896 2973 1049 3034 reperisset:
1066 2972 1140 3020 sbost
1150 2987 1163 3020 s
1175 2974 1274 3022 Brund.
1284 2977 1307 3020 1.

213 3037 239 3084 2·
254 3035 418 3085 'l'orreuisuis
430 3042 457 3082 et
468 3035 591 3095 Mage-t
609 3035 652 3084 Sic
665 3036 725 3084 Vel.
737 3049 795 3083 cum
808 3035 863 3084 eliis
875 3036 951 3084 editt.
963 3043 990 3085 et
1009 3045 1119 3100 utroque
1136 3037 1234 3085 Brund.
1254 3051 1307 3082 ont-

212 3099 340 3210 uihuupne
351 3097 470 3146 'torrenti
484 3097 547 3146 Mus.
578 3099 654 3148 Solus
664 3099 756 3162 Camp.
767 3113 820 3147 curn
830 3115 937 3160 munau,
948 3101 1016 3164 quod
1029 3101 1136 3162 Pighius
1148 3106 1242 3161 preter
1253 3112 1307 3147 rem

211 3170 299 3226 prretu
311 3163 339 3211 it.
357 3161 431 3212 laeid.
441 3170 509 3224 sept.
522 3160 610 3226 babet,
627 3177 673 3227 pro
691 3165 901 3214 ulimmerus.
936 3164 1024 3212 Nihilo
1035 3163 1146 3212 fortusse
1168 3163 1248 3226 pejus,
1265 3162 1307 3224 jn-

212 3228 271 3276 dice
282 3225 416 3276 Torrenio.
447 3225 500 3274 Pro
512 3228 634 3288 exploratu
644 3228 706 3278 Vet.
718 3228 911 3288 exsufflata—6
932 3228 940 3254 ‘
953 3227 1028 3290 Pigh.
1041 3227 1138 3275 absoluit
1150 3241 1203 3276 eum
1213 3229 1242 3276 de
1253 3239 1307 3274 eos·

211 3291 271 3351 sitii,
283 3296 334 3340 tsss
348 3291 420 3339 etium
437 3303 480 3338 sss
500 3292 624 3339 seucum.
659 3291 747 3340 Primo
769 3291 839 3355 prius
856 3295 916 3352 tum,
932 3291 1035 3340 ridetur
1053 3291 1142 3340 abesse
1158 3306 1208 3341 uon
1221 3301 1305 3354 posse.

212 3355 247 3404 Et
258 3363 367 3418 apparet
377 3354 444 3404 idem
457 3354 483 3402 iu
496 3361 602 3419 utroque
615 3357 710 3404 Brund.
722 3363 751 3404 et
761 3355 950 3467 sntipuioribns
961 3356 1031 3418 typis
1043 3356 1180 3420 expressis.
1203 3353 1304 3402 Deinde

212 3419 386 3484 satisquoqne
395 3425 464 3468 recte
477 3418 599 3467 scribitur
608 3419 709 3481 conditi,
727 3434 818 3482 quomo
838 3434 853 3468 o
874 3418 956 3467 Aldus
974 3419 1103 3474 ediderat.
1136 3421 1219 3468 Porro
1231 3431 1307 3467 voert·

211 3481 262 3531 ism
273 3485 301 3532 de
313 3497 396 3548 neque
408 3489 509 3531 veteres
530 3483 601 3546 typis
620 3483 748 3546 expressi,
766 3497 849 3546 neque
868 3483 965 3534 unna.
984 3483 1088 3536 babent.
1124 3485 1244 3548 Denique
1262 3495 1305 3528 sss

210 3548 326 3596 assertio
337 3545 499 3596 scribendum
513 3551 608 3610 potins,
620 3555 648 3596 nt
667 3548 692 3595 in
711 3553 821 3610 utroque
833 3547 930 3596 Brund.
951 3555 999 3608 est,
1020 3563 1095 3611 qrrant
1117 3547 1233 3597 sententio
1252 3561 1304 3599 sss,

212 3610 273 3657 ntis
285 3625 384 3724 qtrtrflne
393 3619 510 3674 apparet.
534 3610 574 3659 lta
584 3611 651 3659 enirn
663 3612 778 3660 antestio
790 3612 880 3660 melius
891 3612 922 3660 sd
935 3621 1072 3676 utrumque
1085 3611 1176 3660 referri
1190 3607 1304 3673 poterit!

217 3673 295 3723 th.
354 3689 392 3724 rec
403 3675 489 3725 omnis
502 3682 630 3724 testentur
640 3675 718 3726 codd,
730 3677 838 3724 i'orren.
861 3675 990 3726 Klolslrius
1001 3677 1123 3739 legebat:
1141 3681 1192 3724 tem
1201 3678 1230 3724 ds
1249 3688 1303 3724 roa·

704 3817 809 3868 NOTAE

242 3937 255 3963 ¹
271 3931 300 3980 1..
311 3931 416 3996 Gellius]
443 3931 587 3992 Publicola,
605 3932 648 3994 qui
667 3931 735 3980 Con·
775 3930 905 3980 Granium
923 3931 1040 3990 sortitus,
1059 3929 1168 3979 Athenis
1186 3928 1302 3980 Philoso-

211 4009 249 4056 sni
271 4021 338 4056 suno
358 4007 437 4057 Urbis
459 4011 516 4058 68¹2.
559 4005 701 4054 Proconsul
721 4021 736 4055 s
775 4006 841 4069 phos
853 4019 941 4054 omnes
953 4005 1063 4066 vocavit,
1079 4005 1180 4068 illisque
1191 4003 1301 4054 suadere

211 4082 334 4144 spumeo
346 4084 430 4132 rietus
447 4090 497 4144 est,
514 4088 542 4132 et
551 4095 676 4144 oppressa
687 4083 735 4132 Cu-
776 4088 883 4130 conatus
894 4089 944 4140 est,
960 4078 1136 4140 utaliquando
1153 4087 1300 4132 controver-

211 4156 292 4207 tllinss
302 4159 478 4223 conjuratione
490 4157 640 4207 Ciceronem
653 4157 736 4206 eivieu
775 4157 869 4204 sisrnm
880 4144 995 4204 lucerent
1008 4156 1119 4205 modurn.
1136 4154 1232 4208 Censor
1239 4168 1299 4204 cum

209 4246 306 4284 corona
327 4233 472 4285 donandum
494 4232 602 4283 censuit.
633 4233 735 4282 Praetor
775 4232 824 4281 Cu.
835 4231 945 4280 Lentulo
962 4231 1133 4284 obssessis
1143 4231 1231 4284 movit.
