3230 5110
299 425 379 470 cnr.
397 421 451 468 rx.
475 423 523 469 on
548 421 689 470 nomer.
715 421 850 469 nonunt
879 423 956 470 nor
983 423 1177 472 ronrunn.
1221 411 1287 478 653

193 565 297 647 magis
312 565 456 644 iufa1ne;
478 567 523 630 nil
547 567 664 630 eodem
688 585 766 630 sene
780 568 1001 632 ornatiustant
1024 567 1212 649 speciosius
1226 569 1285 633 illo

194 669 322 732 saeculo
332 678 448 733 nostra
461 669 583 732 civitas
598 668 740 732 babuit*

235 770 267 832 ὀ.
291 770 377 848 Quis
391 770 519 854 ignorat
544 768 589 848 Q.
604 771 718 835 Catuli
740 773 969 836 auctoritatem
992 773 1026 835 in
1048 772 1201 835 maximo
1217 771 1285 835 cla-

192 871 395 936 rissimomm
416 874 559 938 virorum
582 880 746 956 proventu
759 882 781 911 ¹¹
804 874 973 938 excelsum
996 872 1131 955 gradum
1154 873 1287 936 obtinu-

192 973 283 1037 isset
327 973 433 1057 Cujus
463 976 491 1038 si
517 976 666 1058 superior
689 980 773 1038 aetes
801 975 1002 1052 revolvatur,
1024 974 1120 1038 multi
1145 975 1286 1051 luxus,¹²

193 1075 306 1140 mullae
332 1076 461 1140 de'liciae
484 1078 697 1160 reperientur.
741 1076 828 1154 Quae
842 1075 975 1159 quidem
994 1078 1023 1140 ei
1048 1075 1286 1158 impedimento

193 1197 260 1241 nou
274 1177 414 1255 luerunt,
428 1198 497 1262 quo
512 1179 623 1242 miuus
645 1180 764 1262 patriae
785 1180 942 1261 princeps
964 1179 1135 1256 existeret,
1149 1197 1287 1242 nomen-

194 1299 260 1362 que
275 1280 349 1363 ejus
363 1283 397 1344 in
413 1280 607 1364 Capitolino
630 1280 764 1362 fastigio
785 1279 936 1361 fulgeret,
952 1297 992 1344 ac
1011 1282 1129 1344 virtute
1142 1287 1164 1326 ¹³
1188 1280 1287 1343 civile

194 1381 341 1446 bellum⁶
363 1381 484 1463 ingenti
500 1389 590 1445 motu
605 1381 714 1444 oriens
730 1382 905 1463 sepelirent

238 1483 271 1546 6.
294 1483 333 1546 L.
350 1502 426 1547 vero
442 1482 538 1564 Sylla
552 1501 659 1565 usque
676 1483 719 1546 ad
741 1489 919 1565 quaesturae
941 1501 1012 1546 suaa
1036 1483 1172 1548 comitia
1185 1484 1288 1548 vitam

195 1579 358 1657 libidine,‘
384 1585 473 1660 vino,
502 1583 642 1648 ludicrae
673 1583 756 1647 artis
786 1601 910 1660 amore,
940 1584 1143 1667 inquinatam
1155 1592 1182 1632 ¹⁴
1212 1605 1288 1668 per-

196 1685 303 1749 duxit.
348 1684 561 1768 Quapropter
576 1683 615 1749 C.
631 1684 775 1748 Marium
794 1684 963 1748 consulem
975 1693 998 1730 ¹⁵
1020 1685 1160 1748 moleste
1174 1685 1290 1749 tulisse

196 1786 346 1862 traditur,
370 1786 457 1869 quod
482 1785 546 1849 sibi
573 1787 791 1867 asperrimum
818 1785 854 1848 in
878 1785 995 1849 Africa
1020 1785 1144 1848 bellum
1167 1789 1290 1866 gerenti

197 1892 264 1950 tam
289 1887 452 1952 delicatus
475 1893 621 1970 quaestor
645 1894 735 1950 sorte
756 1888 954 1950 obvenisset.
999 1887 1159 1969 Ejusdem
1185 1889 1290 1951 virtus

197 1990 294 2072 quasi
319 1990 487 2074 perruptis
500 1987 526 2028 ¹⁶
549 1996 583 2054 et
608 1987 758 2072 disjectis
783 1987 953 2072 nequitiae,
976 2007 1043 2072 qua
1062 1989 1289 2064 obsidebatur,

197 2090 363 2169 claustrie,
382 2099 517 2156 catenas
539 2091 562 2156 J
565 2091 711 2174 ugurthee
725 2091 881 2155 manibus
904 2092 1036 2176 injecit:
1062 2089 1291 2153 Mithridatem

197 2194 425 2273 compescuit:
451 2193 588 2257 socialis
610 2191 692 2258 belli
719 2191 874 2257 fluctus¹⁷
896 2193 1075 2274 repressit:
1099 2188 1214 2253 Cinnae
1231 2189 1291 2254 do-

197 2293 405 2356 minationem
435 2294 547 2376 fregit3
570 2315 722 2376 eumque,
747 2297 804 2374 qui
829 2315 865 2357 se
891 2295 926 2356 in
949 2291 1066 2356 Africa
1090 2297 1291 2375 quaestorem

197 2392 396 2470 fastidierat,
410 2395 502 2458 illam
517 2397 627 2478 ipsam
648 2395 852 2479 provinciam
876 2395 1096 2477 proscriptum
1112 2397 1144 2457 et
1158 2393 1291 2457 exulem

195 2503 309 2575 petere
322 2495 455 2577 coegitt
500 2496 587 2574 Quae
603 2505 670 2562 tam
679 2497 823 2573 diversa,
835 2505 969 2579 tamque
982 2495 1065 2559 iuter
1078 2514 1115 2557 se
1129 2496 1293 2558 contrarie

197 2596 226 2659 si
240 2598 315 2678 quis
330 2599 419 2680 apud
436 2601 579 2663 animum
596 2621 691 2664 suum
706 2601 883 2665 attentiore
901 2598 1148 2680 comparatione
1165 2613 1292 2680 expen-

198 2697 273 2760 dere
294 2699 386 2774 velit,
411 2698 493 2763 duos
513 2702 546 2763 in
572 2721 639 2764 uno
665 2703 800 2767 bomine
830 2701 944 2784 Syllas
970 2699 1078 2762 luisse
1101 2697 1290 2762 crediderit:

198 2807 330 2877 turpem
356 2797 682 2878 adolescentulum,¹8
705 2810 737 2867 ct
761 2805 877 2879 virum,
904 2801 1049 2866 dicerem
1074 2797 1202 2876 sortem,
1227 2799 1292 2862 nisi

198 2899 273 2980 ipse
283 2895 415 2960 felicem
432 2915 468 2958 se
483 2899 645 2978 appellari
659 2903 838 2964 maluisset.

655 3053 836 3074 W,

197 3159 261 3202 -ll
274 3155 526 3214 Venprorectn—lb
540 3152 636 3201 lisdem
646 3167 703 3201 cum
714 3153 782 3202 Dan.
793 3153 931 3200 luam-lt
943 3149 1063 3199 Perizon.
1071 3151 1138 3214 conj.
1146 3153 1296 3201 occidue-

200 3223 230 3267 tt
248 3219 290 3267 lta
301 3231 389 3266 omnes
401 3217 476 3265 codd.
488 3219 595 3265 Torren.
605 3231 663 3266 corn
674 3219 733 3266 Vrt.
747 3227 774 3266 ct
784 3217 856 3278 Meg.
865 3217 1056 3278 perinquinotrrnt
1066 3231 1153 3265 omrter
1162 3216 1220 3266 etld.
1232 3227 1294 3269 ante.

198 3282 329 3344 Piglrinm,
345 3281 473 3344 probante
488 3282 656 3330 Colere-lb
674 3281 753 3330 Barb.
766 3287 789 3329 t.
803 3281 833 3330 C.
847 3281 942 3330 Moriar
951 3283 1105 3330 corut-ld
1121 3282 1165 3331 ste
1176 3281 1248 3343 Meg.
1268 3291 1297 3332 et

201 3347 308 3394 Venett.
328 3360 386 3393 rum
402 3345 477 3395 codd.
496 3347 603 3394 Torren.
615 3355 713 3394 cetera
725 3344 785 3394 edd.
798 3347 1011 3409 pret-nptiaquod
1025 3346 1134 3394 mutarit
1146 3345 1295 3406 Pighius.—

201 3414 231 3458 rt
250 3411 336 3460 Etiam
348 3410 420 3459 hoca
432 3409 524 3472 Plgblo
535 3418 737 3470 mutatum,cnm
750 3417 827 3458 autea
840 3410 969 3474 legeretur
981 3411 1056 3460 lectur
1068 3411 1094 3458 iu
1105 3410 1222 3460 omnibus
1235 3410 1295 3459 edd.

233 3644 247 3673 '
260 3645 309 3694 An.
322 3645 360 3694 M.
373 3647 446 3693 ³984.
459 3644 503 3695 Ol.
514 3647 571 3694 tos.
585 3647 608 3694 l.
621 3643 686 3694 Urb.
697 3643 728 3692 C.
770 3643 803 3692 ab
815 3641 993 3694 adolescentia
1004 3641 1106 3702 vixisse,
1115 3656 1195 3706 seque
1205 3641 1230 3690 in
1242 3655 1295 3689 om·

201 3722 257 3767 6³³.
270 3717 330 3768 Aut.
339 3718 387 3767 ch.
398 3723 456 3769 719.
769 3719 795 3766 al
818 3719 950 3780 protervia
972 3718 1004 3766 iia
1023 3717 1165 3781 praebuisse
1183 3717 1294 3765 socium:

203 3828 205 3836 .
233 3791 442 3858 wainburna]
458 3795 525 3843 num
543 3795 727 3844 ffimllinnrbe·
770 3794 813 3842 nbi
828 3808 983 3843 vereremur
996 3794 1095 3857 potitor
1111 3792 1295 3852 concumbis·

203 3867 292 3932 pidum
310 3867 335 3915 in
353 3869 493 3918 Consulatu
512 3870 642 3936 collegam
654 3871 728 3920 ltalia
770 3871 896 3921 trionibus
909 3869 1128 3933 protestamini,
1144 3882 1202 3916 cunr
1214 3867 1295 3930 iisque

204 3943 314 4008 expulit,
326 3950 355 3992 ut
367 3943 477 3994 diximus
487 3961 574 4009 snpra.
769 3943 898 3994 interdurn
917 3945 1032 3993 dicteriis
1051 3943 1211 3994 contendere
1234 3945 1295 3992 soli·

235 4029 246 4074 t
265 4020 315 4070 An.
326 4020 363 4068 M.
375 4025 448 4070 ³916.
463 4021 506 4073 01.
517 4027 574 4072 rte.
586 4027 610 4073 t.
623 4023 688 4074 Uri.
699 4025 729 4074 C.
769 4029 834 4071 tutu.
845 4019 973 4070 Reeabro
982 4026 1145 4082 gertareupe
1156 4020 1295 4082 attigimus.

203 4099 259 4145 att.
272 4095 389 4146 Annon.
400 4099 441 4146 rt.
800 4104 812 4155 t
831 4097 881 4146 lln.
892 4097 931 4146 Μ.
943 4099 1015 4145 tm.
1032 4093 1075 4144 01.
1088 4098 1143 4144 lit.
1152 4099 1176 4146 t.
1189 4095 1253 4146 Urit.
1262 4096 1294 4144 C.

237 4171 344 4220 'Vitam
362 4173 472 4236 libidine]
491 4175 534 4224 De
555 4175 625 4238 Sylla
640 4175 730 4226 scribit
768 4173 897 4223 ornam.
909 4171 956 4222 Cb.
966 4175 1007 4221 81.
1251 4189 1254 4196 ·

205 4247 360 4298 Plutarchus
371 4263 429 4299 enm
438 4264 495 4299 cum
508 4250 591 4300 mimis
601 4257 628 4300 et
637 4251 730 4302 acarna
