<?xml version="1.0" encoding="UTF-8"?>
<!DOCTYPE html PUBLIC "-//W3C//DTD XHTML 1.0 Transitional//EN"
    "http://www.w3.org/TR/xhtml1/DTD/xhtml1-transitional.dtd">
<html xmlns="http://www.w3.org/1999/xhtml" xml:lang="en" lang="en">
 <head>
  <title>
</title>
<meta http-equiv="Content-Type" content="text/html;charset=utf-8" />
  <meta name='ocr-system' content='tesseract 3.04.00' />
  <meta name='ocr-capabilities' content='ocr_page ocr_carea ocr_par ocr_line ocrx_word'/>
</head>
<body>
  <div class='ocr_page' id='page_1' title='image "./valeriimaximifa01maxigoog_0100.png"; bbox 0 0 3234 5110; ppageno 0'>
   <div class='ocr_carea' id='block_1_1' title="bbox 357 394 1142 459">
    <p class='ocr_par' dir='ltr' id='par_1_1' title="bbox 357 394 1142 459">
     <span class='ocr_line' id='line_1_1' title="bbox 357 394 1142 459; baseline -0.014 0"><span class='ocrx_word' id='word_1_1' title='bbox 357 394 422 459; x_wconf 72' lang='lat'>572</span> <span class='ocrx_word' id='word_1_2' title='bbox 661 403 818 454; x_wconf 76' lang='lat' dir='ltr'>vacatur</span> <span class='ocrx_word' id='word_1_3' title='bbox 845 401 989 454; x_wconf 77' lang='lat' dir='ltr'>uaxrur</span> <span class='ocrx_word' id='word_1_4' title='bbox 1013 402 1085 450; x_wconf 78' lang='lat' dir='ltr'>nra.</span> <span class='ocrx_word' id='word_1_5' title='bbox 1109 403 1142 448; x_wconf 88' lang='lat' dir='ltr'>v.</span> 
     </span>
    </p>
   </div>
   <div class='ocr_carea' id='block_1_2' title="bbox 278 543 1525 2158">
    <p class='ocr_par' dir='ltr' id='par_1_2' title="bbox 278 543 1452 1128">
     <span class='ocr_line' id='line_1_2' title="bbox 278 543 1452 630; baseline -0.008 -13"><span class='ocrx_word' id='word_1_6' title='bbox 278 571 281 580; x_wconf 88' lang='grc'><strong>’</strong></span> <span class='ocrx_word' id='word_1_7' title='bbox 358 570 459 616; x_wconf 87' lang='lat' dir='ltr'>unum</span> <span class='ocrx_word' id='word_1_8' title='bbox 480 552 558 614; x_wconf 82' lang='lat' dir='ltr'>note</span> <span class='ocrx_word' id='word_1_9' title='bbox 580 546 702 630; x_wconf 87' lang='lat' dir='ltr'>pellam</span> <span class='ocrx_word' id='word_1_10' title='bbox 725 544 818 610; x_wconf 73' lang='lat' dir='ltr'>men-³</span> <span class='ocrx_word' id='word_1_11' title='bbox 864 544 1024 610; x_wconf 80' lang='lat' dir='ltr'>Habebat</span> <span class='ocrx_word' id='word_1_12' title='bbox 1046 552 1155 610; x_wconf 86' lang='lat' dir='ltr'>autern</span> <span class='ocrx_word' id='word_1_13' title='bbox 1179 543 1265 608; x_wconf 89' lang='lat' dir='ltr'>duos</span> <span class='ocrx_word' id='word_1_14' title='bbox 1288 550 1452 626; x_wconf 86' lang='lat' dir='ltr'>praeterea</span> 
     </span>
     <span class='ocr_line' id='line_1_3' title="bbox 358 644 1451 735; baseline -0.008 -19"><span class='ocrx_word' id='word_1_15' title='bbox 358 654 497 735; x_wconf 74' lang='lat' dir='ltr'>optimae</span> <span class='ocrx_word' id='word_1_16' title='bbox 513 649 636 714; x_wconf 91' lang='lat' dir='ltr'>indolis</span> <span class='ocrx_word' id='word_1_17' title='bbox 650 648 754 725; x_wconf 88' lang='lat' dir='ltr'>filios,</span> <span class='ocrx_word' id='word_1_18' title='bbox 766 647 908 730; x_wconf 87' lang='lat' dir='ltr'>‘quibus</span> <span class='ocrx_word' id='word_1_19' title='bbox 931 645 1047 710; x_wconf 85' lang='lat' dir='ltr'>Caesar</span> <span class='ocrx_word' id='word_1_20' title='bbox 1068 665 1104 710; x_wconf 91' lang='lat' dir='ltr'>se</span> <span class='ocrx_word' id='word_1_21' title='bbox 1126 646 1329 710; x_wconf 86' lang='lat' dir='ltr'>incrementa</span> <span class='ocrx_word' id='word_1_22' title='bbox 1343 644 1451 726; x_wconf 81' lang='lat' dir='ltr'>digni-</span> 
     </span>
     <span class='ocr_line' id='line_1_4' title="bbox 359 747 1451 834; baseline -0.006 -16"><span class='ocrx_word' id='word_1_23' title='bbox 359 755 440 818; x_wconf 83' lang='lat' dir='ltr'>tatis</span> <span class='ocrx_word' id='word_1_24' title='bbox 454 752 594 834; x_wconf 76' lang='lat' dir='ltr'>benigne</span> <span class='ocrx_word' id='word_1_25' title='bbox 609 750 818 832; x_wconf 82' lang='lat' dir='ltr'>largiturnm’</span> <span class='ocrx_word' id='word_1_26' title='bbox 830 748 1060 830; x_wconf 75' lang='lat' dir='ltr'>pollicebatur.</span> <span class='ocrx_word' id='word_1_27' title='bbox 1104 747 1207 813; x_wconf 90' lang='lat' dir='ltr'>Hunc</span> <span class='ocrx_word' id='word_1_28' title='bbox 1221 754 1352 830; x_wconf 83' lang='lat' dir='ltr'>patrem</span> <span class='ocrx_word' id='word_1_29' title='bbox 1366 751 1451 811; x_wconf 80' lang='lat' dir='ltr'>tam·</span> 
     </span>
     <span class='ocr_line' id='line_1_5' title="bbox 359 848 1450 936; baseline -0.007 -16"><span class='ocrx_word' id='word_1_30' title='bbox 359 856 423 920; x_wconf 88' lang='lat' dir='ltr'>etsi</span> <span class='ocrx_word' id='word_1_31' title='bbox 457 874 587 920; x_wconf 87' lang='lat' dir='ltr'>summa</span> <span class='ocrx_word' id='word_1_32' title='bbox 615 853 719 917; x_wconf 86' lang='lat' dir='ltr'>divini</span> <span class='ocrx_word' id='word_1_33' title='bbox 745 850 907 936; x_wconf 86' lang='lat' dir='ltr'>principis</span> <span class='ocrx_word' id='word_1_34' title='bbox 942 849 1120 916; x_wconf 81' lang='lat' dir='ltr'>clementia</span> <span class='ocrx_word' id='word_1_35' title='bbox 1146 856 1252 917; x_wconf 83' lang='lat' dir='ltr'>totum</span> <span class='ocrx_word' id='word_1_36' title='bbox 1281 848 1450 931; x_wconf 84' lang='lat' dir='ltr'>praestitit,</span> 
     </span>
     <span class='ocr_line' id='line_1_6' title="bbox 360 948 1451 1039; baseline -0.007 -20"><span class='ocrx_word' id='word_1_37' title='bbox 360 955 437 1039; x_wconf 89' lang='lat' dir='ltr'>quis</span> <span class='ocrx_word' id='word_1_38' title='bbox 451 961 561 1020; x_wconf 86' lang='lat' dir='ltr'>tamen</span> <span class='ocrx_word' id='word_1_39' title='bbox 582 973 648 1018; x_wconf 91' lang='lat' dir='ltr'>non</span> <span class='ocrx_word' id='word_1_40' title='bbox 662 954 806 1019; x_wconf 88' lang='lat' dir='ltr'>humano</span> <span class='ocrx_word' id='word_1_41' title='bbox 820 951 952 1033; x_wconf 79' lang='lat' dir='ltr'>ingenio</span> <span class='ocrx_word' id='word_1_42' title='bbox 967 949 1076 1033; x_wconf 83' lang='lat' dir='ltr'>majus</span> <span class='ocrx_word' id='word_1_43' title='bbox 1094 969 1212 1014; x_wconf 86' lang='lat' dir='ltr'>ausum</span> <span class='ocrx_word' id='word_1_44' title='bbox 1222 955 1331 1038; x_wconf 89' lang='lat' dir='ltr'>putet,</span> <span class='ocrx_word' id='word_1_45' title='bbox 1347 948 1451 1031; x_wconf 88' lang='lat' dir='ltr'>quod,</span> 
     </span>
     <span class='ocr_line' id='line_1_7' title="bbox 360 1052 1311 1128; baseline -0.011 -5"><span class='ocrx_word' id='word_1_46' title='bbox 360 1058 415 1123; x_wconf 89' lang='lat' dir='ltr'>cui</span> <span class='ocrx_word' id='word_1_47' title='bbox 429 1063 518 1122; x_wconf 86' lang='lat' dir='ltr'>totus</span> <span class='ocrx_word' id='word_1_48' title='bbox 527 1066 550 1096; x_wconf 90' lang='lat'>¹¹</span> <span class='ocrx_word' id='word_1_49' title='bbox 574 1063 733 1122; x_wconf 87' lang='lat' dir='ltr'>terrarum</span> <span class='ocrx_word' id='word_1_50' title='bbox 747 1055 836 1120; x_wconf 87' lang='lat' dir='ltr'>orbis</span> <span class='ocrx_word' id='word_1_51' title='bbox 847 1054 1080 1128; x_wconf 82' lang='lat' dir='ltr'>succubuerat,</span> <span class='ocrx_word' id='word_1_52' title='bbox 1092 1071 1159 1118; x_wconf 87' lang='lat' dir='ltr'>non</span> <span class='ocrx_word' id='word_1_53' title='bbox 1173 1052 1311 1118; x_wconf 76' lang='lat' dir='ltr'>cessitrr</span> 
     </span>
    </p>

    <p class='ocr_par' dir='ltr' id='par_1_3' title="bbox 359 1152 1525 2158">
     <span class='ocr_line' id='line_1_8' title="bbox 402 1152 1452 1224; baseline -0.004 0"><span class='ocrx_word' id='word_1_54' title='bbox 402 1160 434 1224; x_wconf 83' lang='lat'>3.</span> <span class='ocrx_word' id='word_1_55' title='bbox 457 1159 523 1224; x_wconf 88' lang='lat' dir='ltr'>Sed</span> <span class='ocrx_word' id='word_1_56' title='bbox 537 1159 650 1222; x_wconf 87' lang='lat' dir='ltr'>nescio</span> <span class='ocrx_word' id='word_1_57' title='bbox 666 1177 708 1221; x_wconf 90' lang='lat' dir='ltr'>an</span> <span class='ocrx_word' id='word_1_58' title='bbox 725 1154 888 1221; x_wconf 87' lang='lat' dir='ltr'>Octavius</span> <span class='ocrx_word' id='word_1_59' title='bbox 902 1153 1032 1218; x_wconf 78' lang='lat' dir='ltr'>Balbus</span> <span class='ocrx_word' id='word_1_60' title='bbox 1046 1153 1272 1217; x_wconf 81' lang='lat' dir='ltr'>concitatioris</span> <span class='ocrx_word' id='word_1_61' title='bbox 1286 1158 1321 1218; x_wconf 83' lang='lat' dir='ltr'>et</span> <span class='ocrx_word' id='word_1_62' title='bbox 1333 1152 1452 1220; x_wconf 56' lang='lat' dir='ltr'>ardeus</span> 
     </span>
     <span class='ocr_line' id='line_1_9' title="bbox 360 1252 1450 1343; baseline -0.007 -17"><span class='ocrx_word' id='word_1_63' title='bbox 360 1261 458 1326; x_wconf 89' lang='lat' dir='ltr'>tioris</span> <span class='ocrx_word' id='word_1_64' title='bbox 480 1280 559 1343; x_wconf 81' lang='lat' dir='ltr'>erga</span> <span class='ocrx_word' id='word_1_65' title='bbox 579 1258 686 1322; x_wconf 89' lang='lat' dir='ltr'>lilium</span> <span class='ocrx_word' id='word_1_66' title='bbox 706 1254 945 1320; x_wconf 87' lang='lat' dir='ltr'>benevolentiae</span> <span class='ocrx_word' id='word_1_67' title='bbox 966 1254 1076 1318; x_wconf 82' lang='lat' dir='ltr'>luerit.</span> <span class='ocrx_word' id='word_1_68' title='bbox 1121 1252 1336 1336; x_wconf 84' lang='lat' dir='ltr'>Proscriptus</span> <span class='ocrx_word' id='word_1_69' title='bbox 1355 1273 1376 1316; x_wconf 90' lang='lat' dir='ltr'>a</span> <span class='ocrx_word' id='word_1_70' title='bbox 1392 1257 1450 1319; x_wconf 91' lang='lat' dir='ltr'>tri-</span> 
     </span>
     <span class='ocr_line' id='line_1_10' title="bbox 359 1354 1451 1441; baseline -0.005 -13"><span class='ocrx_word' id='word_1_71' title='bbox 359 1359 524 1438; x_wconf 81' lang='lat' dir='ltr'>umviris,‘¹</span> <span class='ocrx_word' id='word_1_72' title='bbox 539 1380 615 1424; x_wconf 90' lang='lat' dir='ltr'>cum</span> <span class='ocrx_word' id='word_1_73' title='bbox 629 1359 741 1436; x_wconf 90' lang='lat' dir='ltr'>domo,</span> <span class='ocrx_word' id='word_1_74' title='bbox 757 1357 892 1441; x_wconf 88' lang='lat' dir='ltr'>postico</span> <span class='ocrx_word' id='word_1_75' title='bbox 903 1363 929 1393; x_wconf 88' lang='lat'>¹²</span> <span class='ocrx_word' id='word_1_76' title='bbox 943 1356 1130 1420; x_wconf 87' lang='lat' dir='ltr'>clamesset</span> <span class='ocrx_word' id='word_1_77' title='bbox 1141 1371 1307 1436; x_wconf 83' lang='lat' dir='ltr'>egressus,</span> <span class='ocrx_word' id='word_1_78' title='bbox 1314 1354 1451 1439; x_wconf 86' lang='lat' dir='ltr'>jamque</span> 
     </span>
     <span class='ocr_line' id='line_1_11' title="bbox 360 1456 1452 1547; baseline -0.005 -19"><span class='ocrx_word' id='word_1_79' title='bbox 360 1465 447 1545; x_wconf 73' lang='lat' dir='ltr'>fugae</span> <span class='ocrx_word' id='word_1_80' title='bbox 475 1461 669 1547; x_wconf 82' lang='lat' dir='ltr'>expeditum</span> <span class='ocrx_word' id='word_1_81' title='bbox 694 1460 823 1524; x_wconf 87' lang='lat' dir='ltr'>initium</span> <span class='ocrx_word' id='word_1_82' title='bbox 851 1459 998 1535; x_wconf 82' lang='lat' dir='ltr'>haberet,</span> <span class='ocrx_word' id='word_1_83' title='bbox 1027 1462 1206 1541; x_wconf 85' lang='lat' dir='ltr'>postquam</span> <span class='ocrx_word' id='word_1_84' title='bbox 1232 1457 1322 1522; x_wconf 88' lang='lat' dir='ltr'>intus</span> <span class='ocrx_word' id='word_1_85' title='bbox 1344 1456 1452 1524; x_wconf 83' lang='lat' dir='ltr'>lilium</span> 
     </span>
     <span class='ocr_line' id='line_1_12' title="bbox 361 1560 1451 1646; baseline -0.006 -16"><span class='ocrx_word' id='word_1_86' title='bbox 361 1565 522 1630; x_wconf 89' lang='lat' dir='ltr'>trucidari</span> <span class='ocrx_word' id='word_1_87' title='bbox 532 1564 619 1628; x_wconf 82' lang='lat' dir='ltr'>salso</span> <span class='ocrx_word' id='word_1_88' title='bbox 633 1563 780 1628; x_wconf 79' lang='lat' dir='ltr'>clamore</span> <span class='ocrx_word' id='word_1_89' title='bbox 796 1562 929 1628; x_wconf 82' lang='lat' dir='ltr'>viciniae</span> <span class='ocrx_word' id='word_1_90' title='bbox 940 1570 963 1612; x_wconf 79' lang='lat'>¹³</span> <span class='ocrx_word' id='word_1_91' title='bbox 987 1562 1130 1646; x_wconf 85' lang='lat' dir='ltr'>accepit,</span> <span class='ocrx_word' id='word_1_92' title='bbox 1144 1562 1176 1625; x_wconf 90' lang='lat' dir='ltr'>ei</span> <span class='ocrx_word' id='word_1_93' title='bbox 1192 1579 1227 1623; x_wconf 90' lang='lat' dir='ltr'>se</span> <span class='ocrx_word' id='word_1_94' title='bbox 1247 1560 1334 1638; x_wconf 87' lang='lat' dir='ltr'>neci,</span> <span class='ocrx_word' id='word_1_95' title='bbox 1350 1579 1451 1643; x_wconf 87' lang='lat' dir='ltr'>qnam</span> 
     </span>
     <span class='ocr_line' id='line_1_13' title="bbox 359 1661 1525 1746; baseline -0.004 -16"><span class='ocrx_word' id='word_1_96' title='bbox 359 1671 520 1744; x_wconf 82' lang='lat' dir='ltr'>evaserat,</span> <span class='ocrx_word' id='word_1_97' title='bbox 535 1665 667 1741; x_wconf 89' lang='lat' dir='ltr'>obtulit,</span> <span class='ocrx_word' id='word_1_98' title='bbox 682 1664 974 1746; x_wconf 86' lang='lat' dir='ltr'>occidendumque</span> <span class='ocrx_word' id='word_1_99' title='bbox 988 1663 1152 1739; x_wconf 83' lang='lat' dir='ltr'>militibus</span> <span class='ocrx_word' id='word_1_100' title='bbox 1172 1661 1320 1728; x_wconf 82' lang='lat' dir='ltr'>tradidit</span> <span class='ocrx_word' id='word_1_101' title='bbox 1341 1661 1453 1726; x_wconf 84' lang='lat' dir='ltr'>Pluris</span> <span class='ocrx_word' id='word_1_102' title='bbox 1523 1741 1525 1745; x_wconf 23' lang='grc' dir='ltr'>Ι</span> 
     </span>
     <span class='ocr_line' id='line_1_14' title="bbox 359 1762 1453 1849; baseline -0.004 -19"><span class='ocrx_word' id='word_1_103' title='bbox 359 1768 512 1832; x_wconf 88' lang='lat' dir='ltr'>nimirum</span> <span class='ocrx_word' id='word_1_104' title='bbox 523 1774 550 1814; x_wconf 85' lang='lat'>¹⁴</span> <span class='ocrx_word' id='word_1_105' title='bbox 570 1767 655 1832; x_wconf 86' lang='lat' dir='ltr'>illud</span> <span class='ocrx_word' id='word_1_106' title='bbox 678 1773 895 1842; x_wconf 86' lang='lat' dir='ltr'>momentum,</span> <span class='ocrx_word' id='word_1_107' title='bbox 917 1785 987 1848; x_wconf 91' lang='lat' dir='ltr'>qno</span> <span class='ocrx_word' id='word_1_108' title='bbox 1012 1767 1063 1830; x_wconf 92' lang='lat' dir='ltr'>illi</span> <span class='ocrx_word' id='word_1_109' title='bbox 1086 1773 1206 1849; x_wconf 80' lang='lat' dir='ltr'>praeter</span> <span class='ocrx_word' id='word_1_110' title='bbox 1229 1783 1321 1849; x_wconf 85' lang='lat' dir='ltr'>spem</span> <span class='ocrx_word' id='word_1_111' title='bbox 1341 1762 1453 1826; x_wconf 82' lang='lat' dir='ltr'>videre</span> 
     </span>
     <span class='ocr_line' id='line_1_15' title="bbox 359 1864 1452 1951; baseline -0.005 -18"><span class='ocrx_word' id='word_1_112' title='bbox 359 1870 467 1934; x_wconf 88' lang='lat' dir='ltr'>filium</span> <span class='ocrx_word' id='word_1_113' title='bbox 481 1869 678 1933; x_wconf 88' lang='lat' dir='ltr'>incolumem</span> <span class='ocrx_word' id='word_1_114' title='bbox 685 1869 877 1950; x_wconf 82' lang='lat' dir='ltr'>contigerat,</span> <span class='ocrx_word' id='word_1_115' title='bbox 888 1885 988 1951; x_wconf 89' lang='lat' dir='ltr'>quarn</span> <span class='ocrx_word' id='word_1_116' title='bbox 1003 1869 1142 1932; x_wconf 85' lang='lat' dir='ltr'>salutem</span> <span class='ocrx_word' id='word_1_117' title='bbox 1156 1887 1255 1932; x_wconf 87' lang='lat' dir='ltr'>suam</span> <span class='ocrx_word' id='word_1_118' title='bbox 1268 1864 1452 1930; x_wconf 83' lang='lat' dir='ltr'>aestimans.</span> 
     </span>
     <span class='ocr_line' id='line_1_16' title="bbox 360 1969 1452 2053; baseline -0.005 -19"><span class='ocrx_word' id='word_1_119' title='bbox 360 1970 505 2034; x_wconf 86' lang='lat' dir='ltr'>Miseros</span> <span class='ocrx_word' id='word_1_120' title='bbox 520 1971 742 2035; x_wconf 84' lang='lat' dir='ltr'>adolescentis</span> <span class='ocrx_word' id='word_1_121' title='bbox 765 1970 893 2049; x_wconf 89' lang='lat' dir='ltr'>oculos,</span> <span class='ocrx_word' id='word_1_122' title='bbox 908 1971 1027 2053; x_wconf 86' lang='lat' dir='ltr'>quibus</span> <span class='ocrx_word' id='word_1_123' title='bbox 1050 1969 1311 2036; x_wconf 87' lang='lat' dir='ltr'>amantissimum</span> <span class='ocrx_word' id='word_1_124' title='bbox 1326 1969 1379 2030; x_wconf 89' lang='lat' dir='ltr'>sui</span> <span class='ocrx_word' id='word_1_125' title='bbox 1393 1987 1452 2049; x_wconf 91' lang='lat' dir='ltr'>pa·</span> 
     </span>
     <span class='ocr_line' id='line_1_17' title="bbox 360 2067 1398 2158; baseline -0.006 -21"><span class='ocrx_word' id='word_1_126' title='bbox 360 2077 454 2152; x_wconf 89' lang='lat' dir='ltr'>trem,</span> <span class='ocrx_word' id='word_1_127' title='bbox 470 2073 577 2155; x_wconf 79' lang='lat' dir='ltr'>ipsius</span> <span class='ocrx_word' id='word_1_128' title='bbox 591 2092 694 2158; x_wconf 88' lang='lat' dir='ltr'>opera</span> <span class='ocrx_word' id='word_1_129' title='bbox 708 2075 757 2138; x_wconf 91' lang='lat' dir='ltr'>sic</span> <span class='ocrx_word' id='word_1_130' title='bbox 774 2073 993 2157; x_wconf 86' lang='lat' dir='ltr'>expirantem,</span> <span class='ocrx_word' id='word_1_131' title='bbox 1008 2073 1126 2136; x_wconf 88' lang='lat' dir='ltr'>intueri</span> <span class='ocrx_word' id='word_1_132' title='bbox 1142 2089 1283 2135; x_wconf 88' lang='lat' dir='ltr'>necesse</span> <span class='ocrx_word' id='word_1_133' title='bbox 1296 2067 1398 2132; x_wconf 70' lang='lat' dir='ltr'>funt*</span> 
     </span>
    </p>
   </div>
   <div class='ocr_carea' id='block_1_3' title="bbox 811 2263 1003 2313">
    <p class='ocr_par' dir='ltr' id='par_1_4' title="bbox 811 2263 1003 2313">
     <span class='ocr_line' id='line_1_18' title="bbox 811 2263 1003 2313; baseline -0.005 -2"><span class='ocrx_word' id='word_1_134' title='bbox 811 2263 1003 2313; x_wconf 75' lang='lat' dir='ltr'>EXTERNA.</span> 
     </span>
    </p>
   </div>
   <div class='ocr_carea' id='block_1_4' title="bbox 359 2393 1454 2987">
    <p class='ocr_par' dir='ltr' id='par_1_5' title="bbox 359 2393 1454 2987">
     <span class='ocr_line' id='line_1_19' title="bbox 402 2393 1453 2482; baseline -0.002 -24"><span class='ocrx_word' id='word_1_135' title='bbox 402 2398 433 2460; x_wconf 92' lang='lat'>1.</span> <span class='ocrx_word' id='word_1_136' title='bbox 457 2396 610 2462; x_wconf 84' lang='lat' dir='ltr'>Ceterum</span> <span class='ocrx_word' id='word_1_137' title='bbox 625 2405 664 2463; x_wconf 93' lang='lat' dir='ltr'>nt</span> <span class='ocrx_word' id='word_1_138' title='bbox 680 2398 723 2461; x_wconf 88' lang='lat' dir='ltr'>ad</span> <span class='ocrx_word' id='word_1_139' title='bbox 742 2396 940 2482; x_wconf 87' lang='lat' dir='ltr'>jucundiora</span> <span class='ocrx_word' id='word_1_140' title='bbox 954 2398 1083 2479; x_wconf 83' lang='lat' dir='ltr'>cognitu</span> <span class='ocrx_word' id='word_1_141' title='bbox 1100 2397 1283 2472; x_wconf 84' lang='lat' dir='ltr'>veniamus,</span> <span class='ocrx_word' id='word_1_142' title='bbox 1298 2393 1453 2458; x_wconf 87' lang='lat' dir='ltr'>Seleuci·</span> 
     </span>
     <span class='ocr_line' id='line_1_20' title="bbox 360 2489 1452 2582; baseline -0.003 -20"><span class='ocrx_word' id='word_1_143' title='bbox 360 2489 447 2582; x_wconf 83' lang='lat' dir='ltr'>regis</span> <span class='ocrx_word' id='word_1_144' title='bbox 462 2500 550 2563; x_wconf 87' lang='lat' dir='ltr'>lilius</span> <span class='ocrx_word' id='word_1_145' title='bbox 566 2499 756 2564; x_wconf 80' lang='lat' dir='ltr'>Antiochus</span> <span class='ocrx_word' id='word_1_146' title='bbox 770 2519 919 2566; x_wconf 80' lang='lat' dir='ltr'>novercae</span> <span class='ocrx_word' id='word_1_147' title='bbox 934 2501 1140 2564; x_wconf 86' lang='lat' dir='ltr'>Stratonices</span> <span class='ocrx_word' id='word_1_148' title='bbox 1154 2497 1282 2562; x_wconf 84' lang='lat' dir='ltr'>infinito</span> <span class='ocrx_word' id='word_1_149' title='bbox 1292 2503 1317 2544; x_wconf 80' lang='lat'>¹⁵</span> <span class='ocrx_word' id='word_1_150' title='bbox 1340 2514 1452 2561; x_wconf 87' lang='lat' dir='ltr'>amore</span> 
     </span>
     <span class='ocr_line' id='line_1_21' title="bbox 360 2598 1453 2686; baseline -0.004 -23"><span class='ocrx_word' id='word_1_151' title='bbox 360 2607 544 2685; x_wconf 83' lang='lat' dir='ltr'>correptus,</span> <span class='ocrx_word' id='word_1_152' title='bbox 559 2621 693 2678; x_wconf 88' lang='lat' dir='ltr'>mernor,</span> <span class='ocrx_word' id='word_1_153' title='bbox 709 2621 810 2685; x_wconf 88' lang='lat' dir='ltr'>quam</span> <span class='ocrx_word' id='word_1_154' title='bbox 831 2603 993 2686; x_wconf 86' lang='lat' dir='ltr'>improbis</span> <span class='ocrx_word' id='word_1_155' title='bbox 1011 2601 1139 2666; x_wconf 81' lang='lat' dir='ltr'>facibus</span> <span class='ocrx_word' id='word_1_156' title='bbox 1161 2598 1299 2676; x_wconf 83' lang='lat' dir='ltr'>arderet,</span> <span class='ocrx_word' id='word_1_157' title='bbox 1311 2598 1453 2680; x_wconf 89' lang='lat' dir='ltr'>impium</span> 
     </span>
     <span class='ocr_line' id='line_1_22' title="bbox 359 2697 1453 2785; baseline -0.003 -21"><span class='ocrx_word' id='word_1_158' title='bbox 359 2701 505 2784; x_wconf 88' lang='lat' dir='ltr'>pectoris</span> <span class='ocrx_word' id='word_1_159' title='bbox 521 2703 640 2766; x_wconf 84' lang='lat' dir='ltr'>vulnus</span> <span class='ocrx_word' id='word_1_160' title='bbox 655 2704 715 2785; x_wconf 87' lang='lat' dir='ltr'>pia</span> <span class='ocrx_word' id='word_1_161' title='bbox 729 2702 994 2768; x_wconf 86' lang='lat' dir='ltr'>dissimulatione</span> <span class='ocrx_word' id='word_1_162' title='bbox 1015 2704 1225 2784; x_wconf 83' lang='lat' dir='ltr'>contegebat</span> <span class='ocrx_word' id='word_1_163' title='bbox 1268 2701 1389 2782; x_wconf 84' lang='lat' dir='ltr'>Itaque</span> <span class='ocrx_word' id='word_1_164' title='bbox 1404 2697 1453 2762; x_wconf 92' lang='lat' dir='ltr'>di·</span> 
     </span>
     <span class='ocr_line' id='line_1_23' title="bbox 359 2800 1454 2878; baseline -0.002 -13"><span class='ocrx_word' id='word_1_165' title='bbox 359 2805 448 2865; x_wconf 81' lang='lat' dir='ltr'>&#39;rersi</span> <span class='ocrx_word' id='word_1_166' title='bbox 462 2801 605 2867; x_wconf 86' lang='lat' dir='ltr'>affectus</span> <span class='ocrx_word' id='word_1_167' title='bbox 621 2804 741 2868; x_wconf 85' lang='lat' dir='ltr'>iisdem</span> <span class='ocrx_word' id='word_1_168' title='bbox 750 2805 936 2869; x_wconf 88' lang='lat' dir='ltr'>visceribus</span> <span class='ocrx_word' id='word_1_169' title='bbox 951 2825 991 2869; x_wconf 88' lang='lat' dir='ltr'>ac</span> <span class='ocrx_word' id='word_1_170' title='bbox 1008 2803 1163 2868; x_wconf 87' lang='lat' dir='ltr'>medullis</span> <span class='ocrx_word' id='word_1_171' title='bbox 1177 2800 1309 2878; x_wconf 89' lang='lat' dir='ltr'>inclusi,</span> <span class='ocrx_word' id='word_1_172' title='bbox 1321 2818 1454 2864; x_wconf 88' lang='lat' dir='ltr'>summa</span> 
     </span>
     <span class='ocr_line' id='line_1_24' title="bbox 359 2903 1453 2987; baseline -0.001 -21"><span class='ocrx_word' id='word_1_173' title='bbox 359 2903 536 2986; x_wconf 84' lang='lat' dir='ltr'>cupiditas,</span> <span class='ocrx_word' id='word_1_174' title='bbox 550 2911 585 2969; x_wconf 90' lang='lat' dir='ltr'>et</span> <span class='ocrx_word' id='word_1_175' title='bbox 606 2906 754 2971; x_wconf 83' lang='lat' dir='ltr'>maxima</span> <span class='ocrx_word' id='word_1_176' title='bbox 775 2907 989 2987; x_wconf 86' lang='lat' dir='ltr'>verecundia,</span> <span class='ocrx_word' id='word_1_177' title='bbox 1007 2907 1050 2972; x_wconf 87' lang='lat' dir='ltr'>ad</span> <span class='ocrx_word' id='word_1_178' title='bbox 1073 2906 1226 2970; x_wconf 84' lang='lat' dir='ltr'>ultimum</span> <span class='ocrx_word' id='word_1_179' title='bbox 1247 2904 1358 2967; x_wconf 85' lang='lat' dir='ltr'>tabem</span> <span class='ocrx_word' id='word_1_180' title='bbox 1381 2920 1453 2966; x_wconf 90' lang='lat' dir='ltr'>cor·</span> 
     </span>
    </p>
   </div>
   <div class='ocr_carea' id='block_1_5' title="bbox 816 3071 1000 3092">
    <p class='ocr_par' dir='ltr' id='par_1_6' title="bbox 816 3071 1000 3092">
     <span class='ocr_line' id='line_1_25' title="bbox 816 3071 1000 3092; baseline 0 0"><span class='ocrx_word' id='word_1_181' title='bbox 816 3071 1000 3092; x_wconf 60' lang='lat' dir='ltr'>um</span> 
     </span>
    </p>
   </div>
   <div class='ocr_carea' id='block_1_6' title="bbox 358 3180 1456 3700">
    <p class='ocr_par' dir='ltr' id='par_1_7' title="bbox 358 3180 1456 3700">
     <span class='ocr_line' id='line_1_26' title="bbox 359 3180 1453 3248; baseline 0 -18"><span class='ocrx_word' id='word_1_182' title='bbox 359 3180 487 3230; x_wconf 74' lang='lat' dir='ltr'>aliis-ll</span> <span class='ocrx_word' id='word_1_183' title='bbox 504 3181 566 3231; x_wconf 80' lang='lat' dir='ltr'>Tria</span> <span class='ocrx_word' id='word_1_184' title='bbox 587 3181 712 3231; x_wconf 74' lang='lat' dir='ltr'>vocabula</span> <span class='ocrx_word' id='word_1_185' title='bbox 723 3183 819 3234; x_wconf 85' lang='lat' dir='ltr'>omittit</span> <span class='ocrx_word' id='word_1_186' title='bbox 840 3184 931 3248; x_wconf 79' lang='lat' dir='ltr'>Coper.</span> <span class='ocrx_word' id='word_1_187' title='bbox 943 3199 998 3246; x_wconf 74' lang='lat' dir='ltr'>uon,</span> <span class='ocrx_word' id='word_1_188' title='bbox 1012 3185 1096 3246; x_wconf 62' lang='lat' dir='ltr'>ruder,</span> <span class='ocrx_word' id='word_1_189' title='bbox 1112 3190 1140 3234; x_wconf 87' lang='lat' dir='ltr'>et</span> <span class='ocrx_word' id='word_1_190' title='bbox 1151 3189 1229 3242; x_wconf 61' lang='lat' dir='ltr'>rotun</span> <span class='ocrx_word' id='word_1_191' title='bbox 1246 3183 1315 3233; x_wconf 77' lang='lat' dir='ltr'>unde</span> <span class='ocrx_word' id='word_1_192' title='bbox 1332 3182 1453 3233; x_wconf 80' lang='lat' dir='ltr'>Perizon.</span> 
     </span>
     <span class='ocr_line' id='line_1_27' title="bbox 358 3245 1454 3312; baseline 0.002 -18"><span class='ocrx_word' id='word_1_193' title='bbox 358 3245 427 3308; x_wconf 77' lang='lat' dir='ltr'>conj.</span> <span class='ocrx_word' id='word_1_194' title='bbox 434 3245 487 3307; x_wconf 73' lang='lat' dir='ltr'>quir</span> <span class='ocrx_word' id='word_1_195' title='bbox 494 3251 570 3296; x_wconf 82' lang='lat' dir='ltr'>tomen</span> <span class='ocrx_word' id='word_1_196' title='bbox 577 3247 699 3296; x_wconf 73' lang='lat' dir='ltr'>damant.</span> <span class='ocrx_word' id='word_1_197' title='bbox 708 3261 773 3298; x_wconf 82' lang='lat' dir='ltr'>arura</span> <span class='ocrx_word' id='word_1_198' title='bbox 780 3265 805 3312; x_wconf 92' lang='lat' dir='ltr'>p.</span> <span class='ocrx_word' id='word_1_199' title='bbox 814 3264 890 3312; x_wconf 81' lang='lat' dir='ltr'>quom,</span> <span class='ocrx_word' id='word_1_200' title='bbox 897 3249 935 3298; x_wconf 83' lang='lat' dir='ltr'>cni</span> <span class='ocrx_word' id='word_1_201' title='bbox 944 3255 1071 3310; x_wconf 62' lang='lat' dir='ltr'>morum,</span> <span class='ocrx_word' id='word_1_202' title='bbox 1080 3253 1119 3312; x_wconf 58' lang='lat' dir='ltr'>te.</span> <span class='ocrx_word' id='word_1_203' title='bbox 1129 3249 1218 3297; x_wconf 79' lang='lat' dir='ltr'>Leldd.</span> <span class='ocrx_word' id='word_1_204' title='bbox 1229 3251 1281 3298; x_wconf 75' lang='lat' dir='ltr'>M.</span> <span class='ocrx_word' id='word_1_205' title='bbox 1288 3248 1365 3308; x_wconf 75' lang='lat' dir='ltr'>mugio</span> <span class='ocrx_word' id='word_1_206' title='bbox 1373 3261 1454 3306; x_wconf 64' lang='lat' dir='ltr'>mnf</span> 
     </span>
     <span class='ocr_line' id='line_1_28' title="bbox 358 3310 1454 3377; baseline 0.001 -18"><span class='ocrx_word' id='word_1_207' title='bbox 358 3310 444 3359; x_wconf 86' lang='lat' dir='ltr'>Bitur.</span> <span class='ocrx_word' id='word_1_208' title='bbox 459 3315 481 3358; x_wconf 89' lang='lat' dir='ltr'>l.</span> <span class='ocrx_word' id='word_1_209' title='bbox 494 3316 521 3357; x_wconf 81' lang='lat' dir='ltr'>et</span> <span class='ocrx_word' id='word_1_210' title='bbox 532 3311 609 3359; x_wconf 80' lang='lat' dir='ltr'>Berb.</span> <span class='ocrx_word' id='word_1_211' title='bbox 630 3316 652 3359; x_wconf 90' lang='lat'>1.</span> <span class='ocrx_word' id='word_1_212' title='bbox 671 3326 742 3373; x_wconf 78' lang='lat' dir='ltr'>quom</span> <span class='ocrx_word' id='word_1_213' title='bbox 753 3315 807 3369; x_wconf 78' lang='lat' dir='ltr'>cui,-</span> <span class='ocrx_word' id='word_1_214' title='bbox 824 3315 897 3364; x_wconf 84' lang='lat' dir='ltr'>Leid.</span> <span class='ocrx_word' id='word_1_215' title='bbox 915 3320 939 3362; x_wconf 92' lang='lat' dir='ltr'>l.</span> <span class='ocrx_word' id='word_1_216' title='bbox 960 3315 1178 3363; x_wconf 62' lang='lat' dir='ltr'>nnumin-li</span> <span class='ocrx_word' id='word_1_217' title='bbox 1196 3311 1238 3362; x_wconf 77' lang='lat' dir='ltr'>lte</span> <span class='ocrx_word' id='word_1_218' title='bbox 1257 3311 1454 3377; x_wconf 80' lang='lat' dir='ltr'>quatuordecim</span> 
     </span>
     <span class='ocr_line' id='line_1_29' title="bbox 359 3372 1454 3442; baseline 0.002 -20"><span class='ocrx_word' id='word_1_219' title='bbox 359 3372 435 3422; x_wconf 88' lang='lat' dir='ltr'>codd.</span> <span class='ocrx_word' id='word_1_220' title='bbox 451 3373 557 3422; x_wconf 87' lang='lat' dir='ltr'>Torren.</span> <span class='ocrx_word' id='word_1_221' title='bbox 576 3389 635 3423; x_wconf 90' lang='lat' dir='ltr'>curn</span> <span class='ocrx_word' id='word_1_222' title='bbox 653 3375 715 3424; x_wconf 85' lang='lat' dir='ltr'>edd.</span> <span class='ocrx_word' id='word_1_223' title='bbox 735 3385 796 3425; x_wconf 82' lang='lat' dir='ltr'>ante</span> <span class='ocrx_word' id='word_1_224' title='bbox 811 3377 886 3440; x_wconf 70' lang='lat' dir='ltr'>Pige.</span> <span class='ocrx_word' id='word_1_225' title='bbox 899 3378 942 3442; x_wconf 86' lang='lat' dir='ltr'>qni</span> <span class='ocrx_word' id='word_1_226' title='bbox 953 3378 1018 3441; x_wconf 77' lang='lat' dir='ltr'>legit</span> <span class='ocrx_word' id='word_1_227' title='bbox 1028 3379 1135 3440; x_wconf 82' lang='lat' dir='ltr'>portien:</span> <span class='ocrx_word' id='word_1_228' title='bbox 1161 3378 1211 3426; x_wconf 91' lang='lat' dir='ltr'>duo</span> <span class='ocrx_word' id='word_1_229' title='bbox 1222 3378 1314 3425; x_wconf 79' lang='lat' dir='ltr'>domum</span> <span class='ocrx_word' id='word_1_230' title='bbox 1324 3378 1454 3437; x_wconf 77' lang='lat' dir='ltr'>portico.-</span> 
     </span>
     <span class='ocr_line' id='line_1_30' title="bbox 360 3437 1454 3511; baseline 0.001 -25"><span class='ocrx_word' id='word_1_231' title='bbox 360 3441 391 3486; x_wconf 73' lang='lat'>1³</span> <span class='ocrx_word' id='word_1_232' title='bbox 403 3437 448 3486; x_wconf 88' lang='lat' dir='ltr'>Sic</span> <span class='ocrx_word' id='word_1_233' title='bbox 459 3437 598 3511; x_wconf 77' lang='lat' dir='ltr'>Torrenius</span> <span class='ocrx_word' id='word_1_234' title='bbox 609 3452 641 3486; x_wconf 83' lang='lat' dir='ltr'>ert</span> <span class='ocrx_word' id='word_1_235' title='bbox 653 3439 771 3488; x_wconf 83' lang='lat' dir='ltr'>omnibns</span> <span class='ocrx_word' id='word_1_236' title='bbox 789 3441 865 3492; x_wconf 83' lang='lat' dir='ltr'>codd.</span> <span class='ocrx_word' id='word_1_237' title='bbox 882 3450 908 3493; x_wconf 86' lang='lat' dir='ltr'>et</span> <span class='ocrx_word' id='word_1_238' title='bbox 920 3441 980 3492; x_wconf 90' lang='lat' dir='ltr'>edd.</span> <span class='ocrx_word' id='word_1_239' title='bbox 993 3450 1056 3491; x_wconf 81' lang='lat' dir='ltr'>vett.</span> <span class='ocrx_word' id='word_1_240' title='bbox 1072 3441 1199 3503; x_wconf 83' lang='lat' dir='ltr'>restituit,</span> <span class='ocrx_word' id='word_1_241' title='bbox 1213 3455 1273 3490; x_wconf 85' lang='lat' dir='ltr'>cum</span> <span class='ocrx_word' id='word_1_242' title='bbox 1285 3440 1361 3502; x_wconf 83' lang='lat' dir='ltr'>Pigh.</span> <span class='ocrx_word' id='word_1_243' title='bbox 1373 3447 1399 3487; x_wconf 88' lang='lat' dir='ltr'>et</span> <span class='ocrx_word' id='word_1_244' title='bbox 1411 3440 1454 3504; x_wconf 88' lang='lat' dir='ltr'>qui</span> 
     </span>
     <span class='ocr_line' id='line_1_31' title="bbox 358 3500 1456 3562; baseline 0.005 -13"><span class='ocrx_word' id='word_1_245' title='bbox 358 3507 508 3550; x_wconf 83' lang='lat' dir='ltr'>eumsecotr</span> <span class='ocrx_word' id='word_1_246' title='bbox 519 3500 665 3550; x_wconf 78' lang='lat' dir='ltr'>dedissent:</span> <span class='ocrx_word' id='word_1_247' title='bbox 678 3503 758 3562; x_wconf 77' lang='lat' dir='ltr'>subur</span> <span class='ocrx_word' id='word_1_248' title='bbox 775 3506 875 3554; x_wconf 79' lang='lat' dir='ltr'>clamore</span> <span class='ocrx_word' id='word_1_249' title='bbox 897 3507 1086 3558; x_wconf 59' lang='lat' dir='ltr'>celciam—ld</span> <span class='ocrx_word' id='word_1_250' title='bbox 1106 3506 1227 3556; x_wconf 86' lang='lat' dir='ltr'>Nonnulli</span> <span class='ocrx_word' id='word_1_251' title='bbox 1249 3503 1326 3554; x_wconf 89' lang='lat' dir='ltr'>codd.</span> <span class='ocrx_word' id='word_1_252' title='bbox 1347 3503 1456 3554; x_wconf 84' lang='lat' dir='ltr'>Torren.</span> 
     </span>
     <span class='ocr_line' id='line_1_32' title="bbox 361 3555 1454 3640; baseline 0.004 -29"><span class='ocrx_word' id='word_1_253' title='bbox 361 3564 442 3614; x_wconf 74' lang='lat' dir='ltr'>Pluris</span> <span class='ocrx_word' id='word_1_254' title='bbox 452 3565 623 3640; x_wconf 59' lang='lat' dir='ltr'>nimium-lt</span> <span class='ocrx_word' id='word_1_255' title='bbox 637 3555 738 3627; x_wconf 64' lang='lat' dir='ltr'>[ipsine</span> <span class='ocrx_word' id='word_1_256' title='bbox 750 3569 818 3632; x_wconf 85' lang='lat' dir='ltr'>conj.</span> <span class='ocrx_word' id='word_1_257' title='bbox 830 3569 957 3631; x_wconf 63' lang='lat' dir='ltr'>infreme,</span> <span class='ocrx_word' id='word_1_258' title='bbox 968 3572 1095 3635; x_wconf 77' lang='lat' dir='ltr'>probante</span> <span class='ocrx_word' id='word_1_259' title='bbox 1111 3571 1222 3628; x_wconf 78' lang='lat' dir='ltr'>Colero;</span> <span class='ocrx_word' id='word_1_260' title='bbox 1243 3567 1320 3618; x_wconf 84' lang='lat' dir='ltr'>codd.</span> <span class='ocrx_word' id='word_1_261' title='bbox 1340 3570 1454 3632; x_wconf 82' lang='lat' dir='ltr'>quinque</span> 
     </span>
     <span class='ocr_line' id='line_1_33' title="bbox 359 3628 1455 3700; baseline 0.005 -23"><span class='ocrx_word' id='word_1_262' title='bbox 359 3628 465 3678; x_wconf 85' lang='lat' dir='ltr'>Torreo.</span> <span class='ocrx_word' id='word_1_263' title='bbox 488 3628 584 3678; x_wconf 83' lang='lat' dir='ltr'>babent</span> <span class='ocrx_word' id='word_1_264' title='bbox 602 3628 713 3688; x_wconf 64' lang='lat' dir='ltr'>ufaudm</span> <span class='ocrx_word' id='word_1_265' title='bbox 729 3639 758 3680; x_wconf 81' lang='lat' dir='ltr'>et</span> <span class='ocrx_word' id='word_1_266' title='bbox 769 3633 806 3682; x_wconf 85' lang='lat' dir='ltr'>ric</span> <span class='ocrx_word' id='word_1_267' title='bbox 816 3635 876 3686; x_wconf 80' lang='lat' dir='ltr'>edd.</span> <span class='ocrx_word' id='word_1_268' title='bbox 888 3635 976 3700; x_wconf 73' lang='lat' dir='ltr'>rulgg.</span> <span class='ocrx_word' id='word_1_269' title='bbox 987 3645 1048 3685; x_wconf 82' lang='lat' dir='ltr'>nuto</span> <span class='ocrx_word' id='word_1_270' title='bbox 1059 3636 1136 3699; x_wconf 64' lang='lat' dir='ltr'>Pige.</span> <span class='ocrx_word' id='word_1_271' title='bbox 1147 3635 1191 3699; x_wconf 83' lang='lat' dir='ltr'>qui</span> <span class='ocrx_word' id='word_1_272' title='bbox 1202 3648 1260 3683; x_wconf 88' lang='lat' dir='ltr'>curn</span> <span class='ocrx_word' id='word_1_273' title='bbox 1272 3634 1369 3683; x_wconf 73' lang='lat' dir='ltr'>cereris</span> <span class='ocrx_word' id='word_1_274' title='bbox 1378 3632 1455 3683; x_wconf 79' lang='lat' dir='ltr'>codd.</span> 
     </span>
    </p>
   </div>
   <div class='ocr_carea' id='block_1_7' title="bbox 845 3797 955 3850">
    <p class='ocr_par' dir='ltr' id='par_1_8' title="bbox 845 3797 955 3850">
     <span class='ocr_line' id='line_1_34' title="bbox 845 3797 955 3850; baseline 0.036 -4"><span class='ocrx_word' id='word_1_275' title='bbox 845 3797 955 3850; x_wconf 78' lang='lat' dir='ltr'><strong>NOTAE</strong></span> 
     </span>
    </p>
   </div>
   <div class='ocr_carea' id='block_1_8' title="bbox 362 3920 1460 4284">
    <p class='ocr_par' dir='ltr' id='par_1_9' title="bbox 362 3920 1460 4284">
     <span class='ocr_line' id='line_1_35' title="bbox 391 3920 1231 3982; baseline 0.007 -12"><span class='ocrx_word' id='word_1_276' title='bbox 391 3920 523 3976; x_wconf 71' lang='lat' dir='ltr'>irimid.</span> <span class='ocrx_word' id='word_1_277' title='bbox 543 3925 617 3972; x_wconf 77' lang='lat'>4⁰10.</span> <span class='ocrx_word' id='word_1_278' title='bbox 646 3922 795 3978; x_wconf 67' lang='lat' dir='ltr'>ottoni.</span> <span class='ocrx_word' id='word_1_279' title='bbox 822 3927 887 3979; x_wconf 80' lang='lat' dir='ltr'>urb.</span> <span class='ocrx_word' id='word_1_280' title='bbox 928 3931 1027 3982; x_wconf 59' lang='lat' dir='ltr'>call.</span> <span class='ocrx_word' id='word_1_281' title='bbox 1056 3928 1231 3979; x_wconf 75' lang='lat' dir='ltr'>Autenti.</span> 
     </span>
     <span class='ocr_line' id='line_1_36' title="bbox 362 3993 1456 4068; baseline 0.017 -22"><span class='ocrx_word' id='word_1_282' title='bbox 362 3997 461 4047; x_wconf 59' lang='lat' dir='ltr'>cauo.</span> <span class='ocrx_word' id='word_1_283' title='bbox 487 3997 661 4050; x_wconf 73' lang='lat' dir='ltr'>oncense.</span> <span class='ocrx_word' id='word_1_284' title='bbox 960 4005 1090 4068; x_wconf 68' lang='lat' dir='ltr'>ennea]</span> <span class='ocrx_word' id='word_1_285' title='bbox 1117 4002 1266 4062; x_wconf 69' lang='lat' dir='ltr'>nioman.</span> <span class='ocrx_word' id='word_1_286' title='bbox 1291 3999 1365 4062; x_wconf 54' lang='grc' dir='ltr'>*ψ*</span> <span class='ocrx_word' id='word_1_287' title='bbox 1385 3993 1456 4048; x_wconf 70' lang='lat'><strong>⁶¹¹⁸·</strong></span> 
     </span>
     <span class='ocr_line' id='line_1_37' title="bbox 392 4071 1460 4146; baseline 0.002 -25"><span class='ocrx_word' id='word_1_288' title='bbox 392 4071 405 4104; x_wconf 75' lang='lat'>‘¹</span> <span class='ocrx_word' id='word_1_289' title='bbox 421 4075 444 4122; x_wconf 71' lang='lat' dir='ltr'><em>A</em></span> <span class='ocrx_word' id='word_1_290' title='bbox 455 4073 600 4138; x_wconf 63' lang='lat' dir='ltr'>muniris]</span> <span class='ocrx_word' id='word_1_291' title='bbox 621 4074 748 4142; x_wconf 82' lang='lat' dir='ltr'>Antonio,</span> <span class='ocrx_word' id='word_1_292' title='bbox 774 4080 886 4146; x_wconf 81' lang='lat' dir='ltr'>Lepido,</span> <span class='ocrx_word' id='word_1_293' title='bbox 928 4081 1072 4132; x_wconf 74' lang='lat' dir='ltr'>Antiochus</span> <span class='ocrx_word' id='word_1_294' title='bbox 1083 4081 1170 4142; x_wconf 77' lang='lat' dir='ltr'>Soter,</span> <span class='ocrx_word' id='word_1_295' title='bbox 1177 4092 1242 4130; x_wconf 83' lang='lat' dir='ltr'>uxor</span> <span class='ocrx_word' id='word_1_296' title='bbox 1249 4072 1396 4128; x_wconf 69' lang='lat' dir='ltr'>strandoe</span> <span class='ocrx_word' id='word_1_297' title='bbox 1404 4073 1460 4124; x_wconf 77' lang='lat' dir='ltr'>De·</span> 
     </span>
     <span class='ocr_line' id='line_1_38' title="bbox 364 4148 1088 4210; baseline 0.017 -15"><span class='ocrx_word' id='word_1_298' title='bbox 364 4155 392 4196; x_wconf 86' lang='lat' dir='ltr'>et</span> <span class='ocrx_word' id='word_1_299' title='bbox 404 4148 515 4200; x_wconf 80' lang='lat' dir='ltr'>Octavio</span> <span class='ocrx_word' id='word_1_300' title='bbox 527 4153 640 4204; x_wconf 74' lang='lat' dir='ltr'>cocere.</span> <span class='ocrx_word' id='word_1_301' title='bbox 926 4159 1014 4210; x_wconf 81' lang='lat' dir='ltr'>metrii</span> <span class='ocrx_word' id='word_1_302' title='bbox 1024 4155 1088 4207; x_wconf 73' lang='lat' dir='ltr'>fllia.</span> 
     </span>
     <span class='ocr_line' id='line_1_39' title="bbox 396 4222 888 4284; baseline 0.026 -13"><span class='ocrx_word' id='word_1_303' title='bbox 396 4229 409 4282; x_wconf 68' lang='lat' dir='ltr'>t</span> <span class='ocrx_word' id='word_1_304' title='bbox 428 4222 476 4274; x_wconf 76' lang='lat' dir='ltr'>dn.</span> <span class='ocrx_word' id='word_1_305' title='bbox 488 4226 526 4276; x_wconf 80' lang='lat' dir='ltr'>ru.</span> <span class='ocrx_word' id='word_1_306' title='bbox 537 4230 611 4278; x_wconf 75' lang='lat'>4⁰12.</span> <span class='ocrx_word' id='word_1_307' title='bbox 644 4231 686 4282; x_wconf 86' lang='lat'>01.</span> <span class='ocrx_word' id='word_1_308' title='bbox 698 4235 754 4283; x_wconf 72' lang='grc'><strong>184.</strong></span> <span class='ocrx_word' id='word_1_309' title='bbox 766 4237 790 4284; x_wconf 76' lang='lat' dir='ltr'>t.</span> <span class='ocrx_word' id='word_1_310' title='bbox 823 4233 888 4284; x_wconf 85' lang='lat' dir='ltr'>Urb.</span> 
     </span>
    </p>
   </div>
   <div class='ocr_carea' id='block_1_9' title="bbox 0 0 1626 5110">
    <p class='ocr_par' dir='ltr' id='par_1_10' title="bbox 0 0 1626 5110">
     <span class='ocr_line' id='line_1_40' title="bbox 0 0 1626 5110; baseline 0 0"><span class='ocrx_word' id='word_1_311' title='bbox 0 0 1626 5110; x_wconf 95' lang='lat' dir='ltr'> </span> 
     </span>
    </p>
   </div>
  </div>
 </body>
</html>
