3234 5110
322 425 389 490 668
444 441 482 489 ·.
599 451 601 458 s
631 438 783 488 ananau
804 437 956 488 assum
981 438 1053 487 urs.
1071 439 1121 486 vr.

324 587 430 671 nysii⁸
451 584 580 670 tyranni
594 586 732 663 exitum,
758 586 891 670 propter
907 585 1043 650 nimirum
1058 601 1188 649 morum
1204 586 1420 654 acerbitatem

324 695 357 756 et
384 687 604 754 intolerabilia
629 707 741 765 onera,
771 688 862 752 votis
891 689 1139 770 expetentibus,
1168 689 1241 752 solu
1268 689 1421 771 quotidie

325 791 488 856 matutino
503 797 657 872 tempore
673 790 777 866 Deos,
792 795 829 852 ut
842 789 1023 854 incolumis
1039 807 1080 853 ac
1101 790 1166 853 sibi
1183 799 1354 872 superstes
1368 807 1421 853 es-

326 898 387 968 set,
401 891 532 956 orabat.
546 957 550 968 ,
577 888 680 968 Quod
693 891 752 954 ubi
765 890 797 952 is
811 889 979 972 coguovit,
993 909 1060 955 nou
1073 889 1218 954 debitam
1230 897 1256 940 ⁵⁷
1279 892 1344 956 sibi
1360 892 1418 956 ed-

326 993 464 1057 miratus
477 992 761 1068 benevolentiam,
779 993 920 1056 arcessit
931 1011 1018 1070 eam,
1033 998 1078 1069 et,
1093 993 1197 1074 ‘quid
1212 994 1260 1057 ita
1270 994 1351 1070 laec,
1362 999 1422 1057 aut

325 1113 395 1176 quo
421 1113 482 1157 suo
509 1092 625 1156 merito
650 1090 797 1167 laceret’
818 1093 1042 1174 interrogavit.
1086 1091 1175 1155 Tum
1197 1094 1269 1173 illa,
1293 1096 1424 1160 ‘Certa

326 1192 398 1268 est,'
420 1194 541 1276 inquit,
565 1190 671 1262 ‘ratio
695 1191 859 1275 propositi
874 1193 958 1256 mei:
981 1192 1098 1274 puella
1122 1195 1221 1276 emm,
1246 1215 1323 1260 cum
1348 1215 1420 1276 gra·

326 1286 402 1358 'vem
418 1301 593 1376 tyrannum
606 1292 819 1368 haberemus,
833 1309 947 1356 umere
963 1311 1005 1356 eo
1020 1292 1216 1374 cupiebamt
1240 1314 1308 1377 quo
1323 1298 1422 1361 iuter-

326 1385 426 1472 leoto,
453 1393 626 1476 aliquanto
650 1394 762 1458 tetrior
774 1391 798 1439 ⁵⁸
822 1412 931 1457 arcem
957 1395 1149 1478 occupavit
1194 1394 1277 1478 Ejus
1291 1416 1425 1480 qnoque

326 1496 414 1560 finiri
435 1495 697 1561 dominationem
710 1493 824 1576 magui
839 1494 1070 1558 aestimabam:
1093 1495 1230 1560 tertium
1245 1502 1279 1560 te
1299 1500 1426 1580 superi-

327 1599 443 1664 oribus
457 1598 734 1681 importuniorem
757 1596 1066 1680 habereeoepimus
1087 1604 1260 1662 rectorem.
1305 1598 1427 1681 Itaque

326 1699 488 1788 [timens]
499 1706 526 1750 ⁵⁹
547 1719 602 1777 ne,
630 1701 661 1764 si
685 1704 722 1763 tu
746 1698 850 1762 fueris
874 1701 1056 1776 absumtos,
1081 1699 1224 1764 deterior
1253 1700 1287 1764 in
1315 1700 1427 1766 locum

329 1808 421 1867 tuum
437 1799 606 1877 succedat,
622 1805 725 1884 caput
739 1819 849 1864 meum
863 1819 924 1884 pro
939 1807 1001 1864 tua
1016 1801 1123 1866 salute
1137 1799 1310 1867 devoveo!
1339 1799 1426 1864 Tam

327 1903 471 1968 facetam
486 1887 663 1967 audaciam
681 1901 864 1986 Dionysius
878 1903 996 1986 punire
1010 1902 1156 1968 erubuit.

372 2005 406 2068 2.
430 2003 519 2068 Inter
532 2003 593 2068 has
605 2010 640 2067 et
652 2002 869 2070 'l'lreodorum
879 2000 1079 2087 Cyrenaeum
1090 2004 1186 2089 quasi
1200 2004 1346 2082 animosi
1358 2005 1429 2086 spi·

328 2089 413 2188 ritus
436 2106 630 2191 conjugium
652 2125 728 2169 esse
751 2106 871 2188 potuit,
891 2105 1018 2190 virtute¹
1036 2127 1109 2192 par,
1134 2106 1299 2172 felicitate
1326 2105 1429 2172 disei-

333 2209 421 2273 mile.
466 2208 504 2273 Is
533 2208 622 2271 enim
649 2207 852 2292 Lysimacho
880 2207 968 2293 regi‘
988 2201 1129 2275 mortem
1155 2209 1221 2274 sibi
1250 2209 1429 2286 minitanti,

263 2321 270 2326 '
330 2307 551 2387 ‘Enimvero,'
580 2310 701 2392 iuquit,
724 2297 924 2392 ‘magnifice
938 2297 990 2374 r'es
1005 2311 1067 2375 tibi
1081 2311 1235 2393 contigit,
1249 2311 1329 2394 quia
1352 2328 1429 2374 can-

331 2411 475 2476 tharidis
490 2414 558 2478 vim
572 2417 750 2476 assecutus
768 2407 827 2475 es’
871 2409 1023 2504 Cumque
1048 2411 1113 2476 hoe
1139 2409 1232 2476 dicto
1253 2429 1429 2488 accensus,

334 2514 426 2580 cruci
441 2535 517 2580 eum
533 2513 642 2596 suffigi
661 2513 833 2597 jussisset,
856 2518 867 2550 ⁴
878 2513 1050 2580 Terribilis
1075 2512 1173 2591 haec,’
1196 2514 1259 2593 ait,
1283 2519 1430 2598 ‘purpu-

330 2617 411 2682 ratis
427 2617 471 2681 sit
484 2617 569 2682 tuis:
584 2635 660 2682 mea
672 2615 807 2699 quidem
823 2614 905 2681 nihil
917 2616 1070 2695 interest,
1083 2615 1219 2682 humine
1233 2637 1275 2682 an
1291 2617 1431 2682 sublime

260 2725 263 2730 '
331 2718 539 2802 putrescam!

795 2865 973 2888 mov,

329 2977 362 3024 ut
379 2972 422 3022 lta
434 2971 561 3022 tredecim
571 2971 647 3022 oodd.
657 2971 765 3021 Temen.
777 2979 805 3022 et
813 2971 875 3024 Vet.
910 2972 1017 3038 Pighius
1028 2985 1091 3023 uero
1101 2978 1246 3022 runtsverst
1256 2971 1283 3020 iu
1292 2971 1431 3022 mosera

330 3041 395 3086 -58
415 3037 467 3087 Pro
486 3037 571 3086 tucior
589 3037 690 3100 aliquot
708 3035 783 3085 codd.
803 3038 912 3087 'llorren
928 3039 1105 3088 deteriore-⁵⁹
1120 3037 1201 3088 ‘Vox
1218 3038 1304 3086 tim
1321 3035 1396 3086 abest
1417 3051 1433 3086 ι

277 3121 279 3126 ’
331 3102 523 3164 Llpsli-reters,
540 3102 558 3152 i.
568 3115 592 3151 e.
612 3101 673 3151 Vet.
684 3108 796 3166 utroque
814 3100 913 3151 Brsud.
923 3103 992 3152 Ultr.
1006 3101 1079 3166 prim.
1099 3102 1175 3151 Harl.
1189 3101 1241 3151 Bit.
1250 3109 1281 3150 at
1292 3099 1363 3151 Med.
1379 3115 1432 3150 sea

331 3166 410 3215 Burb.
423 3166 498 3228 prim.
511 3165 604 3230 Copes.
615 3174 643 3215 et
662 3165 747 3214 Perta.
780 3166 846 3215 Mtht
864 3167 1085 3230 persuasissimum
1103 3175 1151 3229 est,
1166 3167 1234 3216 huno
1251 3177 1341 3215 sonem
1354 3179 1370 3214 ι
1381 3166 1433 3214 Vu-

331 3230 397 3280 lerio
408 3244 459 3280 nou
471 3243 538 3294 esse,
554 3231 616 3280 lleet
626 3231 682 3294 jan
692 3229 735 3280 Ju.
745 3228 844 3280 sensu.
855 3245 913 3279 esur
927 3231 1031 3294 legerit,
1048 3243 1128 3296 qnare
1139 3231 1213 3280 uncls
1231 3229 1336 3280 inulusi.
1369 3230 1433 3280 'lur-

332 3296 417 3344 reuins
437 3295 516 3344 etium
537 3301 609 3344 reete
629 3295 677 3354 sit,
694 3293 781 3343 deleta
800 3295 895 3356 timae,
912 3295 1050 3346 animosius
1068 3307 1217 3358 responsum
1235 3307 1300 3356 esse,
1317 3293 1376 3358 qnia
1394 3293 1433 3364 alc

332 3359 401 3422 quod
414 3356 696 3420 miserandorum
708 3371 755 3407 suo
767 3359 907 3420 tribuebat,
918 3359 965 3409 sed
974 3360 1050 3409 sslrrti
1063 3359 1168 3428 purus,
1179 3373 1226 3422 pro
1237 3373 1287 3422 qua
1298 3371 1347 3407 nou
1360 3358 1433 3407 dubi-

333 3430 463 3538 ῑαὶςιῗζυῑ
474 3438 547 3473 suum
566 3424 706 3484 devovere,
722 3430 751 3472 et
770 3437 817 3472 sus
834 3431 918 3473 morte
934 3425 989 3488 ejus
1002 3425 1080 3475 ritum
1101 3423 1229 3474 redimere
1239 3423 1326 3473 uDiis
1341 3431 1433 3487 parata

336 3501 366 3536 es
439 3501 494 3551 app.
1153 3521 1154 3525 ,

842 3579 952 3634 NOTIE

366 3694 516 3761 'Dionysiij
531 3695 654 3748 iunioris.
905 3701 997 3746 conns
1021 3695 1158 3746 Seleucum
1187 3703 1305 3760 pugnans
1327 3694 1433 3745 cecidit.

284 3785 287 3792 ·
363 3773 372 3806 ⁸
389 3773 529 3836 laumello
547 3772 612 3837 rega]
637 3768 688 3824 in
705 3769 783 3820 rebus
805 3775 865 3833 post
904 3769 948 3821 De
959 3785 1010 3837 qno
1025 3769 1108 3822 mults
1122 3771 1148 3822 tu
1165 3770 1233 3821 notis
1247 3769 1279 3820 sd
1293 3770 1435 3848 lustinum.

334 3847 478 3900 Alexandri
487 3856 597 3900 mortem
608 3847 689 3914 gestis
696 3845 865 3911 clarissimus,
