3230 5092
384 376 463 425 csr.
480 375 544 423 ιιι.
570 376 617 424 nu
641 377 777 427 srunro
802 379 847 426 nr
871 378 1091 428 ruousrnrs.
1207 368 1278 448 7715

223 522 256 583 7.
277 515 508 584 Archimedish
521 538 656 602 quoque
672 520 877 584 fructuosam
891 520 1088 586 industriam
1101 521 1206 588 fuisse
1219 525 1269 588 di·

184 640 302 696 cerem,
329 621 395 682 nisi
418 621 536 683 eadem
565 620 617 682 illi
642 626 675 683 ot
700 620 848 686 dedisset
874 623 986 698 vitam,
1012 629 1047 685 et
1073 622 1271 688 abstulisset

183 720 300 803 Captis
328 722 415 784 enim
440 720 629 803 Syracusis,
654 721 840 784 Marcellus
872 721 1170 786 machinationibus
1194 723 1279 805 ejus,

181 821 318 884 multum
334 841 374 885 ac
389 821 448 884 diu
463 821 637 885 victoriam
650 841 743 885 suam
759 824 934 887 inhibitam
949 831 1107 888 senserat.
1142 822 1276 886 Eximio

181 931 289 986 tamen
301 921 444 985 hominis
457 923 638 1003 prudentie
661 922 858 1002 delectatus,
883 932 922 987 ut
936 925 1040 1008 capiti
1055 927 1145 990 illius
1160 941 1275 1007 perce·

183 1029 278 1101 retur,
292 1022 416 1104 edixit3
441 1043 540 1106 paene
558 1029 684 1087 tantum
710 1025 822 1105 gloriae
846 1028 881 1090 iu
904 1025 1105 1090 Archimede
1129 1033 1276 1104 servato,

183 1129 376 1208 quantom⁴5
396 1126 430 1188 iu
447 1126 621 1208 oppressis
636 1126 826 1208 Syracusis,
849 1146 1022 1209 reponens·
1065 1127 1112 1193 At
1132 1129 1174 1206 ie,
1195 1128 1276 1191 dum

184 1228 294 1289 animo
308 1233 342 1288 et
357 1227 463 1289 oculis
478 1227 513 1289 in
529 1233 647 1292 terram
657 1225 686 1273 ⁴⁶
702 1227 823 1290 defixis
837 1228 963 1291 formas
977 1227 1148 1307 describit,
1164 1229 1275 1305 militi,

181 1327 239 1409 qui
254 1326 430 1409 praedandi
444 1327 552 1408 gratia
564 1327 700 1390 domum
715 1327 891 1409 irruperat,
906 1328 1092 1410 strictoque
1107 1347 1206 1412 super
1220 1347 1276 1391 ca-

182 1435 244 1511 put
257 1427 379 1510 gladio,
403 1429 577 1511 ‘quisnam
594 1426 707 1504 esset,'
734 1429 972 1510 interrogabat,
987 1436 1125 1512 propter
1138 1429 1277 1492 nimiam

182 1528 401 1611 cupiditatem
423 1529 642 1616 investigandi
656 1528 748 1612 quod
762 1530 964 1612 requirebat,
980 1548 1098 1594 nomen
1113 1548 1210 1594 suum
1224 1531 1272 1593 iu·

184 1627 296 1691 dicare
309 1646 376 1691 non
390 1630 518 1710 potuit;
545 1630 605 1694 sed
625 1635 793 1713 protracto
807 1632 964 1695 manibus
977 1631 1132 1714 pulvere,
1175 1629 1276 1705 Noli,'

183 1728 302 1810 inquit,
327 1726 510 1807 ‘obsecro,i
538 1729 637 1794 istum
665 1731 851 1796 disturbare
861 1729 880 1794 τ’
888 1738 917 1778 ⁴⁷
946 1749 986 1794 ac
1011 1729 1150 1812 perinde
1178 1730 1277 1812 quasi

633 1892 814 1912 OMWN

183 1988 268 2037 tiones
279 1989 327 2039 hoc
339 1988 459 2039 rideatur
468 1969 609 2049 invasisse}
626 2003 683 2039 nam
715 2004 759 2038 uas
771 2004 818 2052 ego
829 1987 882 2038 ridi
893 1987 1035 2050 predierrsrs
1046 1985 1177 2037 exhibent.
1210 1985 1277 2035 Vide

185 2065 243 2099 eum
256 2053 281 2100 iu
291 2053 344 2103 rita
355 2052 487 2115 Euripidis
500 2068 526 2117 p.
537 2067 577 2102 ιι.
589 2067 615 2101 n.
627 2052 677 2108 ld!
696 2005 858 2103 lumea-de
877 2054 930 2102 Pro
949 2057 1062 2116 questam
1077 2052 1170 2114 Coper.
1188 2051 1279 2099 scribit

184 2129 262 2178 qaum.
297 2116 374 2164 Forte
395 2117 516 2165 librarius
539 2117 680 2178 scripserat
702 2123 783 2179 quatre
817 2117 880 2164 Mox
919 2123 1011 2164 uatuor
1031 2114 1106 2164 codd.
1126 2114 1233 2163 Terreu.
1251 2113 1279 2162 S.

185 2178 283 2227 bertier
312 2195 398 2235 eursu
416 2181 478 2229 Vet.
490 2180 763 2242 sturemare-so
781 2180 849 2228 Octo
867 2193 898 2228 co
918 2179 943 2227 d.
963 2193 1021 2226 cour
1039 2178 1110 2241 Meg.
1128 2179 1155 2226 s'rs
1173 2182 1279 2227 terra.-

185 2247 216 2290 47
235 2241 284 2290 ‘Al
304 2258 333 2292 us
354 2244 485 2293 ediderat:
508 2245 580 2292 utam
598 2244 711 2292 circulens
727 2241 868 2292 distrahere.
901 2242 953 2291 Sed
976 2241 1080 2304 Pighius
1102 2242 1214 2290 circatam
1236 2254 1280 2289 ex-

185 2306 288 2368 punxit,
302 2307 370 2370 quod
382 2308 406 2356 in
418 2307 495 2356 codd.
508 2307 533 2354 id
546 2321 597 2356 uon
609 2314 727 2370 apparet.
757 2305 840 2356 Abest
851 2319 953 2369 quoque
965 2304 998 2353 ab
1011 2319 1060 2353 uno
1071 2303 1169 2353 Brand.
1203 2303 1280 2353 Reie-

184 2370 291 2418 rendum
302 2378 387 2421 sutem
404 2372 475 2428 istam
494 2370 527 2419 ad
544 2372 676 2433 puluerem
698 2370 730 2418 de
747 2384 797 2434 qno
818 2369 954 2432 praedixit:
973 2368 1000 2417 in
1018 2383 1081 2432 quo,
1097 2376 1126 2417 ut
1145 2367 1233 2417 Livius
1251 2373 1280 2418 et

184 2434 338 2485 Plutarchus
349 2434 477 2497 scribunt,
492 2432 585 2484 formes
598 2435 729 2495 metricas,
746 2448 796 2483 non
807 2433 942 2495 speciatim
956 2433 1075 2494 circulos,
1086 2431 1185 2481 traxit!
1201 2432 1277 2481 Verst.

184 2498 191 2524 ‘
204 2497 343 2548 Maharbal
353 2503 484 2560 prestructo
494 2499 519 2546 id
530 2505 570 2547 est
579 2503 708 2562 prostrate,
725 2512 772 2562 pro
784 2497 893 2559 simplici
903 2497 971 2545 euim
982 2501 994 2546 t
1005 2497 1146 2558 saepissime
1155 2493 1279 2558 scripturn

184 2569 241 2610 erat
251 2567 283 2610 st.
316 2563 367 2612 Sed
380 2563 509 2624 vulgatam
520 2562 642 2626 praefero,
660 2561 709 2611 nisi
722 2561 805 2619 malis,
822 2565 952 2610 monstrate
963 2561 1070 2609 messibus
1079 2561 1182 2624 nieme,
1198 2565 1226 2608 et
1241 2557 1280 2607 sie

187 2625 278 2672 melius
295 2625 458 2685 intelligitur,
474 2625 542 2686 quod
563 2627 678 2675 absolute
697 2626 815 2689 sequitur
827 2625 907 2685 ιἰιιιιιι,
923 2638 1027 2687 nempe,
1040 2625 1167 2687 pulvereus.
1186 2623 1234 2671 Ex.
1254 2626 1279 2670 8.

186 2687 240 2734 ‘Et
252 2688 374 2748 quantula
383 2687 485 2733 Socrati
498 2689 612 2735 accessio
623 2689 674 2736 iste
688 2687 777 2737 sutura
796 2688 914 2738 scientie
932 2687 1014 2736 erati’
1047 2687 1138 2737 Malim
1151 2693 1181 2736 ut
1189 2688 1214 2734 iu
1227 2686 1279 2734 Me.

187 2749 302 2808 Secretr'a
317 2753 339 2797 et
350 2748 462 2814 qaentalr
474 2749 571 2796 secessio
581 2750 687 2796 selemia
703 2752 809 2800 Sacratis
824 2759 875 2799 eret
884 2751 971 2810 saturo
986 2751 1033 2800 istu
1050 2749 1107 2801 ers?
1127 2752 1204 2816 paulo
1222 2755 1281 2812 post

187 2813 239 2862 Ms.
259 2812 337 2861 habet
358 2813 389 2860 ed
407 2809 591 2858 addiscendam.'
617 2810 734 2859 Perisou.
769 2811 917 2860 ‘Pretrsste
939 2821 1046 2863 tuentur
1064 2815 1130 2864 Mss.
1149 2829 1164 2864 e
1186 2813 1279 2877 quihus

186 2883 287 2940 septem
299 2883 405 2925 serrant
415 2875 487 2922 istam
497 2873 624 2920 cheriem:
642 2873 715 2920 Hori.
726 2874 809 2928 istsd‚·
827 2882 856 2921 ut
868 2876 943 2936 paule
955 2884 1015 2925 ante
1026 2879 1074 2925 ists
1089 2879 1212 2938 perissent,
1228 2889 1279 2924 non

186 2941 275 2990 habire
284 2941 382 2991 rarione
393 2936 503 2988 nominis
514 2936 694 2998 precedentis.
716 2935 844 2984 Klolrlrtus
853 2936 973 2997 legebat:
984 2939 1023 2986 ssd
1029 2942 1180 2999 pretrsets'se
1188 2940 1282 3002 patuere

682 3080 788 3131 NOTAE

222 3203 233 3254 t
251 3194 301 3245 liu.
313 3197 352 3246 Μ.
364 3199 438 3246 aaut.
460 3195 504 3246 Ol.
514 3199 554 3246 78.
565 3199 590 3245 d.
608 3193 672 3244 Urh.
686 3194 719 3245 C.
757 3173 881 3244 lissimum
895 3192 961 3257 apud
974 3191 1141 3244 Plutarchum
1151 3191 1183 3242 de
1192 3191 1283 3244 Archi·

189 3277 246 3322 286.
259 3272 379 3323 Anteia
390 3276 448 3322 lde.
757 3270 839 3318 medis
861 3268 932 3318 crede
956 3267 1100 3328 senteutia;
1122 3281 1228 3331 quarum
1246 3268 1282 3317 al·

223 3347 234 3380 ἱ
250 3347 409 3409 Archimedis]
439 3345 510 3398 (liris
534 3346 718 3410 Syracusanus,
757 3353 813 3396 tera
835 3346 892 3396 vult
908 3346 991 3409 ipsum
1008 3345 1115 3394 amilite
1137 3344 1204 3394 domi
1222 3359 1282 3396 corr·

191 3423 234 3488 qui
251 3422 391 3488 lapidibus,
402 3421 469 3486 telir,
476 3419 613 3470 missilibus
625 3419 718 3468 Rema-
757 3420 865 3484 fessum,
886 3421 945 3470 dum
965 3420 1038 3469 ducit
1056 3419 1146 3484 lineas,
1160 3421 1283 3486 illumque

190 3514 235 3548 uos
256 3514 325 3564 sape
348 3499 381 3548 ab
400 3497 464 3548 urhe
489 3496 604 3559 repulit,
631 3494 667 3542 ita
689 3501 718 3543 ut
758 3504 815 3546 eret
832 3495 935 3558 obnixe,
955 3500 985 3543 ut
1003 3495 1127 3544 sustineat
1144 3497 1284 3561 paulisper,

191 3575 333 3624 Marcellus
355 3573 485 3622 interdum
505 3571 623 3620 diceret:
649 3569 718 3619 ‘Nar
757 3587 790 3624 ue
801 3574 869 3638 qued
880 3571 1014 3639 quaerebat
1022 3572 1179 3636 relinqueret
1190 3573 1283 3637 imper-

190 3649 233 3698 ille
255 3649 385 3699 fabulosus
411 3648 570 3698 centimanus
600 3651 717 3708 superat,
756 3647 873 3710 t'eetumr
900 3649 983 3697 altera
1004 3661 1075 3708 vere,
1092 3647 1164 3695 illurn
1181 3647 1283 3710 quidem

191 3725 234 3788 qui
246 3732 344 3774 rsuram
357 3725 407 3773 sim
418 3738 468 3774 uuo
478 3729 595 3786 ternpore
607 3721 716 3769 telorum
756 3724 842 3786 militi,
852 3729 882 3772 ut
893 3722 1078 3787 quamprimum
1090 3720 1122 3770 ad
1131 3720 1284 3770 Marcellum

191 3800 319 3863 ingessit!
350 3801 501 3865 Taurusque
528 3799 603 3848 timer
623 3796 717 3846 Roma·
757 3806 888 3862 pergeret,
917 3796 1052 3858 imperanti
1081 3796 1212 3858 paruisse:
1237 3795 1285 3845 sed

191 3890 237 3925 uos
249 3877 398 3940 incesserat,
417 3884 446 3926 ιιι
465 3876 487 3924 si
507 3876 549 3924 sel
567 3873 716 3933 funiculum,
757 3887 816 3923 eum
833 3871 975 3934 horologia,
997 3871 1119 3933 spherae,
1138 3871 1238 3933 alisque
1258 3869 1284 3919 id

191 3955 232 4000 rel
249 3954 371 4018 exiguum
388 3953 483 4015 liguum
506 3966 539 4001 ex
561 3965 634 4000 muro
655 3962 717 3998 con·
759 3944 898 4013 genueruh
917 3953 992 3994 reste
1003 3942 1152 4006 deterreas
1163 3943 1285 3993 militibus

192 4027 347 4090 aperissem,
358 4027 477 4078 continue
487 4025 668 4078 Archimedem
681 4023 717 4072 irr-
758 4025 801 4089 qui
820 4035 909 4072 surum
920 4020 955 4070 ab
971 4033 1003 4068 eo
1014 4017 1139 4071 occultari
1150 4018 1286 4084 potabant,

193 4101 332 4152 clamanter
343 4100 506 4166 aufugerent.
759 4098 915 4150 trucidatum
932 4107 997 4146 erae.

225 4175 232 4209 ⁸
249 4177 317 4240 Noli,
332 4177 418 4240 s'srqsit,
434 4177 536 4240 eluere]
553 4177 657 4241 Duplex
674 4190 718 4240 po-
