3230 5110
328 425 394 493 686
620 441 777 492 vennnn
802 441 948 492 nexum
974 443 1047 493 mn.
1070 445 1136 493 vn.

332 581 413 648 eilia
424 577 650 646 nobilissimos
671 586 706 646 et
727 582 922 662 ditissimos,
945 584 1005 650 sed
1018 586 1172 664 inermes,
1186 586 1339 668 babebat,
1354 597 1421 654 tro·

329 679 477 748 centos¹⁶
498 681 654 763 specioso
677 701 770 746 armo
793 689 826 749 et
848 684 974 750 electos
999 703 1105 768 equos
1128 705 1227 770 quum
1251 690 1422 766 celerrime,

328 781 502 866 expedire’
521 781 642 865 jussit:
664 784 756 848 velut
780 803 839 848 eos
854 785 1012 856 continno
1034 805 1148 852 seeum
1163 787 1206 852 ud
1229 806 1421 871 oppugnen-

328 883 403 948 dem
414 891 438 933 ¹⁷
462 882 697 964 Carthaginem
712 891 899 948 erecturus.
944 883 1015 962 Qui
1029 904 1106 950 eum
1126 887 1266 969 imperio
1280 895 1319 952 ut
1333 890 1419 954 uele-

325 985 412 1061 riter,
427 984 474 1047 itu
487 983 663 1066 longinqui
676 989 710 1050 et
723 985 902 1066 periculosi
916 986 998 1049 belli
1021 991 1173 1070 respectu
1189 988 1332 1052 solicitis
1347 990 1419 1054 uni·
1467 993 1472 1000 '

325 1085 390 1150 mis
405 1084 609 1166 peruissent:
632 1084 817 1150 'remittere
830 1084 884 1150 se’
898 1084 1016 1168 Scipio
1037 1085 1150 1152 ‘illum
1159 1086 1419 1169 expeditionem,

325 1191 356 1254 ⁸i
371 1203 463 1251 arma
475 1191 509 1250 et
522 1203 629 1268 equos
642 1185 804 1250 militibus
819 1185 890 1248 suis
905 1185 1034 1250 trudere
1048 1185 1283 1264 volnissent,'¹⁸
1298 1187 1418 1255 edixit.

326 1287 455 1370 Rapuit
468 1286 712 1352 conditionem·
730 1285 879 1350 imbellis
903 1303 944 1350 ec
966 1286 1084 1352 timide
1101 1287 1272 1370 juventus,
1293 1288 1417 1352 instru-

324 1395 501 1471 mentoque
531 1405 592 1451 sno
604 1394 629 1437 ¹⁹
665 1385 788 1469 cupide
816 1388 941 1454 nostris
969 1388 1084 1454 cessit.
1141 1386 1228 1470 Ergo
1250 1389 1416 1454 colliditur

325 1489 419 1554 ducis
444 1487 601 1571 providit,
629 1493 676 1564 ut,
705 1487 736 1551 si
763 1488 856 1569 qnod
881 1489 1032 1570 protinas
1060 1487 1283 1570 imperaretur,
1316 1508 1417 1571 grave

325 1591 430 1673 prins,
452 1588 573 1654 deinde
593 1588 732 1654 remisso
757 1589 887 1654 militiae
906 1594 995 1654 metu
1017 1590 1198 1654 maximnm
1218 1589 1417 1654 beneficium

430 1690 470 1742 sor

325 1689 528 1869 ἢθιῐίῗῒὶὶιιοᾱ
542 1790 690 1874 sequitur
704 1788 906 1854 narrandum
920 1793 1007 1852 est.²¹
1054 1788 1097 1867 Q.
1119 1787 1247 1854 Fabius
1270 1785 1415 1867 Irubeo,h

781 1967 958 1990 eoeeunnu

325 2095 430 2148 podice:
447 2095 598 2147 laudabiliter
607 2099 729 2162 amplexer
739 2102 850 2149 ert—ld
860 2097 927 2148 Edd.
938 2101 1004 2146 vett.
1014 2096 1167 2148 treoertoead
1176 2109 1202 2146 re
1213 2101 1304 2146 rocam
1311 2110 1321 2152 ‚-
1334 2096 1414 2148 verbe

322 2163 355 2210 ad
364 2167 491 2211 reeeeatoe
500 2161 578 2225 ejecit
589 2162 707 2224 Pighius,
722 2162 885 2226 improbante
897 2161 1051 2221 Periaonio;
1069 2160 1114 2210 red
1126 2166 1217 2209 extant
1227 2160 1282 2208 beo
1299 2160 1325 2208 in
1336 2159 1413 2210 Berb.

323 2223 399 2287 prim.
411 2226 437 2272 in
449 2227 544 2274 ceteri·
554 2225 675 2275 ridentur
685 2226 785 2275 deorse.
817 2226 891 2275 Leid.
904 2232 971 2274 sext.
983 2239 1031 2288 pro
1048 2225 1078 2273 iie
1093 2223 1174 2274 hebet
1191 2229 1280 2272 meter.
1314 2223 1413 2274 Noten-

323 2286 385 2336 dum
395 2300 459 2336 vero
467 2289 561 2336 multoe
572 2291 637 2338 Mer.
648 2291 755 2340 bebere:
773 2304 830 2354 pere
838 2304 916 2339 mre
925 2293 977 2338 teta
987 2288 1072 2338 Sicilia
1080 2287 1235 2338 robbertus
1245 2293 1269 2338 et
1276 2289 1413 2344 ditissimos.

320 2351 363 2396 red
373 2349 480 2410 iamnes,
490 2349 596 2410 babebat,
613 2351 700 2400 deleto
710 2369 748 2402 ex.
782 2353 865 2402 Paulo
875 2361 936 2414 port
952 2352 1034 2402 elector
1051 2351 1126 2401 deest
1136 2352 1162 2400 in
1179 2352 1277 2401 Medic.
1290 2357 1312 2400 l.
1322 2356 1414 2401 n-lt

322 2410 416 2474 Ultrej.
427 2415 451 2460 l.
462 2415 487 2460 2.
499 2411 592 2474 Caper.
602 2419 630 2460 et
638 2414 712 2462 bold.
722 2418 747 2462 6.
759 2417 790 2462 ad
801 2418 998 2476 oppugnatam
1015 2415 1075 2466 edd.
1085 2422 1151 2466 vett.
1163 2429 1222 2466 eam
1238 2415 1312 2465 Harl.
1330 2417 1414 2466 adeer-

322 2480 406 2532 tentet
422 2473 513 2526 Leidd.
525 2478 549 2525 l.
560 2479 585 2524 6.
598 2475 694 2526 Medic.
706 2481 728 2526 1.
748 2483 775 2524 et
786 2475 820 2524 Ul
865 2475 881 2524 '.
897 2481 921 2524 2.
940 2481 1096 2532 errerrnrrr,·
1113 2478 1194 2524 Bitur.
1215 2482 1237 2524 1.
1258 2479 1412 2536 adsertores,-

322 2538 421 2587 bledio.
432 2542 455 2588 t.
465 2543 601 2596 erectorae,·
617 2540 713 2602 Ultrej.
726 2543 750 2588 l.
763 2553 849 2588 omnes
884 2537 987 2600 lghlanl,
1005 2547 1032 2586 et
1050 2538 1143 2600 reliqui
1158 2539 1264 2588 lamen.
1281 2545 1411 2590 ereetum.

321 2606 386 2651 -18
403 2601 479 2652 lleue
489 2602 550 2652 leet.
562 2604 694 2652 revenerit
704 2603 843 2652 Torrenins
855 2602 1010 2650 anctoritate
1021 2601 1134 2652 omnium
1146 2609 1207 2650 ante
1219 2601 1337 2664 Pigbinm
1356 2601 1411 2652 edi·

322 2666 420 2716 tionum
431 2673 458 2715 et
468 2666 604 2716 duodecim
618 2666 695 2716 codd.
711 2674 800 2730 ertqoe
811 2665 919 2714 formale
930 2663 1083 2714 edictorum.
1116 2663 1157 2713 cf.
1169 2677 1200 2713 11.
1212 2669 1237 2714 t.
1246 2669 1271 2715 ².
1305 2665 1411 2728 Pighius

321 2728 430 2778 dederet
439 2731 634 2778 tradem-itt
650 2730 693 2779 lta
703 2743 768 2778 naor
779 2726 877 2778 Brund.
890 2741 948 2777 unm
964 2728 1052 2778 inultis
1066 2726 1142 2777 oodd.
1153 2729 1258 2778 'lorren
1268 2728 1411 2779 rmum.

321 2797 390 2856 taque
399 2808 443 2842 erra
451 2793 518 2842 elter
528 2792 626 2843 Brund.
638 2807 696 2842 cum
706 2794 800 2856 Copee.
810 2792 909 2841 Medic.
919 2796 943 2842 6.
954 2792 1032 2841 Burb.
1043 2795 1067 2840 l.
1081 2790 1154 2840 Leid.
1165 2795 1191 2839 6.
1203 2798 1231 2840 et
1243 2793 1338 2856 Ultrej.
1349 2796 1373 2842 l.
1385 2798 1411 2844 2.

318 2861 384 2906 -ru
394 2857 402 2884 ‘
412 2858 509 2906 Vereor
520 2871 553 2906 ne
564 2857 604 2906 bio
617 2858 687 2906 loerrr
699 2856 790 2919 glossis
800 2856 835 2904 eit
846 2855 1003 2919 inquinetur.
1020 2856 1060 2904 Ex
1070 2855 1141 2903 Meto
1152 2855 1214 2902 nibil
1226 2856 1349 2917 presidii,
1361 2857 1411 2906 nisi

322 2917 391 2969 forte
402 2921 471 2985 quod
484 2934 530 2984 pro
541 2921 637 2970 reniero
646 2921 710 2984 legit
725 2919 854 2970 remitum.
887 2917 939 2968 Sed
957 2925 1042 2966 tamen
1060 2918 1123 2966 nihil
1142 2917 1190 2966 boc
1204 2919 1288 2981 juvet.
1321 2919 1410 2969 Primo

320 2985 463 3033 exterende
482 2985 550 3048 priee
571 2991 599 3033 et
618 2985 710 3044 deinde,
732 2981 929 3044 legendumque,
950 2985 978 3029 et
996 2983 1063 3043 quod,
1080 2983 1102 3028 ei
1120 2981 1228 3042 minue
1248 2982 1412 3045 deponam,

318 3061 402 3108 grane,
419 3047 489 3112 (scil.
501 3045 709 3107 miserebuntur
720 3045 814 3094 militie
824 3050 896 3105 mete,
912 3045 1041 3092 mmet
1058 3043 1192 3108 bneficium
1200 3044 1283 3108 fleret.
1316 3046 1410 3095 Portet

321 3117 407 3160 tamen
419 3112 499 3160 etlam
511 3109 616 3160 retineri
625 3111 723 3158 deinde:
737 3109 805 3171 prier
818 3107 883 3156 forte
895 3114 979 3155 ertum
988 3121 1020 3154 ex
1032 3107 1115 3170 glorre
1124 3103 1168 3155 τοῦ
1177 3108 1291 3170 pretim.
1324 3109 1358 3158 lit
1370 3110 1410 3158 ite

318 3175 436 3224 additum
448 3181 539 3235 poetes
549 3174 641 3222 deinde.
653 3187 688 3220 ex
698 3173 770 3222 blsto
782 3177 869 3234 posset
885 3171 953 3232 legi:
970 3174 999 3218 et
1015 3171 1046 3232 ri,
1061 3171 1121 3233 qnod
1137 3170 1200 3234 (pro
1217 3170 1285 3235 prio)
1301 3173 1410 3236 protinus

319 3237 475 3299 imperaretur
489 3250 563 3295 graue
614 3235 655 3295 ἐμ,
669 3234 738 3298 (rell.
759 3234 821 3300 fuit)
841 3234 925 3282 dende
944 3233 1064 3282 reminsem
1083 3234 1178 3283 militia
1199 3240 1262 3284 reete
1281 3237 1409 3286 umbrare

319 3299 454 3363 beneficium
462 3298 554 3362 fleret!
595 3297 689 3347 eriaon.
721 3299 809 3349 ‘Hert
820 3305 848 3347 et
859 3297 931 3347 Med.
946 3297 1022 3359 prim.
1034 3297 1131 3347 hebent
1147 3303 1220 3360 grato
1235 3298 1316 3361 priua:
1332 3299 1407 3350 Leid.

318 3369 404 3426 quart.
415 3368 444 3410 et
454 3361 645 3422 quinugrarato
653 3361 735 3424 prius:
751 3363 826 3425 prim.
837 3376 890 3411 reo.
903 3367 963 3410 tert.
973 3367 1040 3423 eept.
1057 3359 1132 3409 Leid.
1151 3361 1245 3425 Ultraj.
1264 3377 1318 3413 seo.
1336 3363 1407 3413 Med.

319 3439 372 3475 sec.
384 3423 571 3484 Berbgratrrrrr
581 3426 663 3485 prior,-
680 3425 734 3474 Bit.
747 3426 822 3489 prior.
833 3425 1051 3487 graemeerprieer
1066 3425 1120 3487 alii,
1133 3439 1207 3486 praee
1223 3428 1300 3488 priee.
1332 3427 1409 3478 Quod

319 3495 406 3537 rotem
418 3489 443 3535 in
455 3487 598 3550 Copeeieno
609 3490 789 3552 ertrereierem,
805 3490 873 3538 idem
885 3490 911 3537 in
928 3496 987 3538 ueto
1004 3488 1061 3538 aliie
1079 3489 1177 3539 inveni:
1193 3490 1261 3552 prior
1279 3497 1307 3542 et
1324 3491 1409 3542 &bide

318 3565 406 3600 omnes
418 3551 482 3599 Mer.
495 3551 617 3601 retinent.
649 3550 828 3616 descripsit?
848 3554 883 3603 Ut
901 3554 972 3616 prod,
987 3553 1010 3601 ei
1028 3553 1137 3616 protiera
1157 3553 1321 3618 imperarem,
1333 3569 1407 3616 gruee

315 3629 420 3678 prorue,
434 3614 517 3664 deiude
526 3615 622 3666 rereieeo
632 3615 725 3666 utilitia
735 3622 797 3666 aar
807 3617 934 3666 maximnm
945 3615 1079 3681 beneficiam
1088 3616 1173 3694 fieret.
1207 3619 1266 3668 Non
1284 3617 1346 3667 retia
1364 3632 1406 3668 rne

317 3677 447 3744 expedio.'
466 3679 767 3730 Torrerr.-218iover.
787 3681 894 3730 Venett.
915 3687 942 3728 et
960 3679 1069 3729 Medioi.
1088 3688 1202 3746 itemque
1221 3695 1308 3730 omnes
1329 3681 1406 3730 codd.

318 3743 426 3796 Torren.
437 3741 481 3810 qni
492 3742 530 3793 ite
541 3743 631 3794 edidit.
664 3742 739 3797 nidd.
752 3743 859 3794 Arcens.
870 3741 953 3794 Culin.
968 3743 1069 3807 Grypb.
1086 3743 1177 3807 Stepb.
1193 3747 1243 3794 dte.
1263 3747 1407 3795 merdam

806 3883 912 3937 NO'l'AE

349 4007 465 4070 ‘Rapuit
482 4009 647 4074 eruditiorem]
673 4009 733 4060 lloe
754 4008 841 4073 ettigi·
912 4005 1164 4070 *annulum
1182 4007 1405 4058 FebiiConetato·

314 4093 371 4129 mur
382 4083 510 4143 ropertus.
880 4085 914 4134 rie
925 4097 1018 4147 nepos,
1028 4084 1202 4146 rirernditoe‚
1220 4091 1248 4134 et
1264 4081 1356 4144 Poste,
1375 4087 1405 4134 ut

348 4159 360 4212 t
372 4152 422 4203 An.
434 4155 472 4202 bl.
485 4159 558 4206 88⁵⁰.
574 4157 617 4207 01.
626 4162 682 4210 led.
694 4163 718 4208 Ι.
734 4157 799 4208 Urb.
810 4157 840 4208 C.
880 4158 1038 4221 temporibus
1047 4159 1100 4210 illie
1109 4159 1225 4224 inriguis,
1233 4159 1326 4208 Canem
1338 4172 1405 4208 enno

316 4231 373 4278 646.
390 4227 453 4278 Ant.
465 4227 512 4278 Cb.
523 4233 580 4278 2⁰8.
880 4233 958 4282 Urblr
969 4237 1026 4288 tto.
