3234 5110
529 463 611 510 cir.
629 459 651 508 r.
677 462 725 510 ns
750 459 955 512 ruorurrts.
1228 449 1292 514 odi

201 607 372 689 potestatis
386 602 655 682 viribussrutus,f
681 607 884 689 pertinacius
908 612 1091 691 expeteret,
1117 607 1292 674 deductam

198 707 232 770 in
248 705 375 771 sorum⁶
396 707 542 791 puellam
567 707 707 782 occidit,
730 706 932 791 pudiuaeque
956 710 1159 788 interemtur,
1188 729 1291 792 quam

197 817 365 892 corruptae
378 815 472 891 pater
487 828 563 873 esse
577 810 715 873 maluit*

239 911 271 974 3.
295 909 369 974 Nec
383 911 452 974 alio
466 912 585 976 robore
600 912 702 976 animi
726 909 890 994 praeditus
912 911 975 978 fuit
1001 913 1144 977 Pontius
1158 911 1291 977 Aulidi·

200 1030 294 1088 anus,
313 1030 418 1094 eques
442 1011 629 1091 Romanus,
654 1014 710 1095 qui
736 1021 916 1096 postquam
946 1017 1107 1099 comperit
1130 1013 1208 1078 filiae
1223 1031 1294 1077 suae

200 1113 418 1193 virginitatem
431 1133 454 1177 a
468 1115 655 1198 paedagogo
677 1115 845 1198 proditam
860 1113 989 1180 Fannio
1004 1115 1211 1192 Saturnino,⁷
1226 1131 1293 1178 nun

199 1219 371 1278 contentus
400 1215 597 1280 sceleratum
627 1235 759 1280 servum
789 1216 944 1280 affecisse
976 1217 1155 1299 supplicio,
1193 1216 1292 1280 etium

198 1313 306 1395 ipsam
326 1317 475 1398 puellam
497 1315 642 1377 necavit.
687 1314 806 1396 Itaque
829 1314 897 1378 ne⁸
919 1321 1032 1397 turpes
1058 1318 1131 1399 ejus
1156 1318 1292 1401 nuptias

199 1415 391 1491 celebraret,
407 1415 548 1477 acerbas
563 1413 727 1494 exequias
742 1413 850 1477 duxit.

239 1517 273 1579 4.
296 1514 388 1592 Quid
401 1513 444 1578 P.
461 1513 630 1591 Maeuins,⁹
651 1533 753 1598 quam
767 1533 919 1579 severum
934 1515 1109 1599 pudicitiae
1121 1517 1292 1582 custodem

199 1617 286 1698 egit!
320 1615 362 1679 Iu
375 1614 528 1679 libertum
540 1635 686 1699 namque
709 1618 838 1698 gratnm
853 1615 1034 1680 admodum
1058 1615 1123 1681 sibi
1146 1617 1292 1682 animad-

199 1717 313 1793 uertit,
338 1717 420 1799 quia
447 1735 524 1780 enm
549 1717 672 1782 nubilis
696 1718 768 1801 jam
793 1718 905 1782 aetatis
931 1717 1012 1782 filiae
1045 1737 1117 1783 suae
1142 1718 1294 1782 osculum

200 1817 333 1882 dedisse
349 1826 565 1899 cognoverat;
588 1837 665 1882 cum
681 1820 865 1900 praesertim
875 1839 943 1883 non
958 1820 1108 1896 libidine,
1120 1818 1179 1883 sed
1188 1839 1295 1882 errore

200 1920 317 2003 lapsus
331 1919 435 1984 rideri
457 1929 584 2002 posset.
629 1919 786 1984 Ceterum
807 1921 1021 1986 amaritudine
1036 1941 1160 2004 poeuae,
1175 1920 1295 1984 teneris

199 2021 308 2086 adbuc
337 2022 460 2104 puella
484 2023 649 2100 sensibus,
669 2022 837 2087 uastitatis
867 2021 1082 2106 disciplinam
1108 2024 1295 2104 ingenerari

199 2125 310 2207 magni
324 2125 525 2189 mstimarit:
548 2123 647 2206 eique
670 2131 738 2186 turn
751 2123 842 2186 tristi
863 2124 1023 2207 exemplo
1038 2124 1212 2206 praecepit,
1235 2128 1295 2186 ‘ut

200 2243 266 2288 non
280 2226 391 2289 solum
405 2225 626 2306 virginitatem
641 2223 817 2302 illibatam,
830 2224 998 2290 sedetiam
1008 2226 1126 2290 oscula
1136 2225 1179 2289 ad
1188 2227 1294 2290 virum

202 2327 333 2391 sincera
344 2325 521 2410 perferret!

198 2575 400 2624 'mtumtsuretsr
407 2589 416 2631 ,·
433 2587 465 2622 ex
474 2569 564 2635 putida
576 2573 677 2637 glossa!
692 2573 823 2637 Kappeo
840 2573 939 2636 lipsius
950 2573 1027 2637 legit,
1038 2574 1156 2622 udmtuur
1166 2573 1295 2633 desero.-

202 2644 217 2688 t
234 2639 277 2688 Sic
294 2639 358 2688 Mu.
371 2647 397 2686 et
409 2637 485 2686 editt.
507 2637 578 2698 Meg.
597 2645 624 2685 et
643 2639 704 2687 Vet.
733 2639 799 2687 Alite
820 2647 880 2688 ente
899 2637 1027 2700 Pighiuru,
1046 2637 1139 2688 Faenio
1158 2637 1297 2689 sumine.

204 2703 354 2752 Perizonius
371 2701 523 2764 adscripsitr
541 2700 610 2750 forte
632 2701 717 2763 Valgia
736 2703 776 2750 vel
796 2701 880 2752 Sentio
899 2702 1087 2751 suante—u
1105 2701 1193 2764 lunge
1212 2703 1296 2765 msJ'or

204 2781 264 2830 pars
275 2766 351 2816 codd.
363 2765 470 2814 Torreu.
480 2779 537 2814 cum
547 2763 606 2814 edd.
619 2767 699 2826 sutiq.
711 2767 751 2814 Itu
760 2781 797 2827 ne,
806 2767 849 2828 dyc.
881 2767 908 2814 si
920 2765 1002 2827 ltaque
1014 2765 1298 2828 retinendumertpcnss

205 2845 264 2878 rum
283 2829 417 2879 Perisouio
434 2827 539 2890 ‘Atque
559 2828 662 2878 ἢεί-9
679 2829 764 2878 Bitur.
777 2829 851 2890 prim.
872 2829 974 2884 Quintus
984 2841 1125 2889 prementes.
1136 2828 1209 2877 Leld.
1221 2831 1296 2893 prim.

204 2902 288 2958 quart.
306 2893 399 2958 Ultrnj.
418 2906 471 2941 sec.
493 2891 543 2941 Ed.
563 2893 635 2954 Meg.
655 2891 799 2940 Primuius.
810 2893 848 2940 sic
860 2891 945 2940 Perit.
957 2893 1001 2940 sed
1014 2905 1113 2938 emaum
1123 2891 1146 2938 ri
1157 2891 1194 2941 ita
1205 2901 1256 2956 est,
1268 2903 1298 2944 ut

204 2960 260 3022 ejus
281 2967 367 3007 temen
386 2963 477 3005 extent
495 2957 612 3018 vestigia.
633 2953 705 3002 Leid.
725 2960 788 3001 tert.
806 2956 889 3017 quint.
903 2963 930 3002 et
940 2964 1007 3016 sept.
1022 2955 1164 3016 memmius.
1198 2957 1249 3007 Sed
1269 2959 1312 3006 iu·

204 3033 270 3088 sept.
280 3037 327 3086 pro
340 3022 388 3072 s.l.
401 3019 432 3068 P.
443 3019 547 3069 Murrius.
581 3020 646 3081 cop.
659 3016 739 3066 etalii
752 3015 784 3066 Ρ.
797 3017 891 3068 Meritis
907 3027 937 3068 ut
955 3017 1081 3068 edebatur
1098 3032 1114 3066 s
1131 3019 1217 3068 multis
1236 3030 1296 3070 aute

701 3171 807 3224 NO'l'AE

234 3289 245 3321 f
258 3288 393 3339 Potestutr's
402 3287 491 3338 uiribus
502 3287 594 3351 fretus]
605 3289 668 3338 (lum
680 3289 729 3338 uir·
769 3288 864 3338 sensim
877 3287 908 3336 sd
927 3283 1052 3337 officiosus
1069 3283 1241 3350 coquinarium
1253 3282 1297 3332 ab·

202 3366 290 3430 guum
313 3364 434 3428 precibus
449 3363 649 3429 muneribusque
665 3364 729 3414 frus·
770 3363 855 3425 ducit,
872 3371 1026 3427 raptumque
1045 3377 1060 3411 e
1078 3376 1165 3412 meuse
1186 3362 1297 3410 cultrum

204 3451 246 3491 tra
261 3456 332 3506 serpe
344 3446 481 3503 tentasset,
492 3441 627 3491 Clsndiurs
643 3441 729 3490 sescla
770 3453 817 3502 per
828 3439 889 3488 filiu
909 3445 1003 3502 pectus
1019 3438 1111 3502 adigit,
1129 3437 1178 3488 lroc
1197 3441 1296 3487 numm

200 3531 277 3584 quem
302 3517 424 3566 clientem
444 3529 517 3566 snum
537 3517 668 3580 subornat,
685 3516 728 3582 qui
770 3513 880 3565 effetus:
905 3514 1043 3564 ‘Liberam
1061 3523 1099 3576 te,
1117 3513 1299 3576 pudicamque,

203 3608 260 3644 esur
276 3591 334 3643 tilia
353 3607 408 3641 suar
425 3593 542 3643 ancillans
563 3607 620 3642 esse
642 3593 728 3657 palam
769 3587 830 3652 tilis,
842 3587 874 3637 ed
885 3588 994 3652 melotes
1007 3588 1054 3639 sub
1065 3594 1162 3639 terram
1174 3587 1297 3647 denrlttu;

206 3665 325 3732 affirmet,
336 3676 364 3719 et
380 3669 406 3717 in
425 3668 578 3720 servitutem
595 3669 727 3728 vindicet;
770 3665 866 3715 virenti
880 3665 947 3715 euim
959 3666 1049 3715 borum
1065 3669 1184 3714 neutrum
1197 3677 1243 3726 per
1254 3668 1295 3725 ty·

204 3745 245 3797 bis
264 3759 341 3795 csuss
361 3745 479 3796 defertur
498 3745 531 3796 sd
548 3747 727 3808 Triumvirurn,
769 3753 877 3791 nurum
893 3740 1024 3791 licuisset!
1057 3739 1125 3788 lude
1136 3747 1193 3789 orts
1204 3739 1296 3804 ingens

205 3823 298 3886 bisque
309 3821 417 3872 Claudio
432 3821 522 3872 clienti
532 3822 559 3871 in
577 3821 727 3872 serrimteru
769 3817 876 3880 seditior
893 3817 1006 3882 depositi
1023 3815 1170 3878 Triumviri,
1192 3815 1234 3865 alii
1254 3829 1298 3863 cc·

203 3900 301 3959 datur3
324 3908 352 3947 nt
374 3910 406 3948 ue
426 3897 599 3948 abduceretur
625 3897 728 3948 obstitit
769 3895 826 3955 cisi,
836 3895 881 3944 alii
892 3894 920 3942 in
932 3892 1020 3956 fugsrn
1032 3890 1095 3952 soti,
1106 3889 1230 3955 sectaque
1241 3890 1295 3953 ple·

206 3975 316 4038 primurn
333 3972 452 4036 populus,
462 3970 557 4020 &inde
568 3971 673 4034 vlrgluis
684 3985 729 4034 pa·
769 3971 810 4022 bis
828 3972 853 4020 in
872 3979 985 4020 montem
1000 3967 1158 4018 demonum
1174 3967 1295 4018 secessio.

206 4049 309 4112 ter,qui
328 4048 440 4098 munitus
458 4047 581 4098 ecastris
599 4047 625 4094 iu
642 4047 730 4096 urbem
770 4048 815 4098 lta
824 4046 911 4097 Livius
919 4045 964 4095 lib.
976 4058 1021 4094 ur.

204 4122 319 4184 sdrulst,
337 4124 456 4187 petitque
484 4121 680 4185 magistratu,
700 4128 730 4170 ut
803 4122 876 4174 illu.
889 4122 927 4170 M.
942 4124 1014 4170 ³600.
1032 4120 1074 4170 01.
1090 4125 1130 4172 88.
1143 4126 1166 4172 l.
1184 4121 1247 4172 urs.
1264 4121 1295 4172 G.

206 4201 287 4250 filisru
308 4207 422 4250 extremo
440 4198 553 4248 salutare
576 4196 623 4246 sibi
645 4197 731 4258 liccat,
770 4203 827 4250 stit.
843 4197 908 4248 Ant.
920 4195 1035 4247 culti.

205 4285 234 4329 et
246 4275 294 4326 soli
311 4277 433 4326 cummis
448 4275 575 4340 colloqui:
591 4281 644 4324 rum
660 4275 730 4326 illem
1060 4273 1063 4280 '
