3230 5110
434 427 513 474 cte.
530 425 554 471 ι.
579 425 626 472 uu
651 423 814 472 tunrcrrs
841 423 1024 472 Pubbtcls.
1211 409 1274 472 741

180 568 222 634 T.
237 567 379 633 Cloelius
393 568 428 632 in
450 567 605 644 cubiculo
622 565 810 648 quiescens,
837 563 913 630 filiis
930 563 1034 628 altero
1048 563 1138 628 lecto
1152 555 1277 630 cubon-

181 670 284 745 tibus,
309 674 381 734 erut
402 668 611 745 interemtus3
632 683 739 749 neque
768 672 829 730 sut
854 683 972 729 servm
1003 664 1192 748 quisquam,
1217 672 1279 728 eut

180 770 263 835 iiber
276 770 483 844 inveniretur,
505 767 548 831 ad
570 785 668 850 quem
689 764 839 849 suspicio
866 766 975 830 caedis
996 765 1192 849 pertineret3
1213 765 1276 831 boc

181 891 247 936 uno
263 872 396 935 nomine
422 869 569 935 absoluti
584 876 674 947 sunt,
690 867 772 951 quia
791 867 965 950 judicibus
986 866 1125 952 pinnum
1148 865 1277 932 sectum
1385 885 1387 892 ·

181 981 244 1048 est,
258 971 336 1037 illos
351 977 466 1054 operto
484 971 571 1036 ostio
597 971 752 1038 inuentos
776 989 851 1034 esse
877 968 1089 1034 dormientes.
1133 967 1277 1033 Somnus

180 1074 329 1138 innoxiae
344 1073 531 1139 securitatis
546 1071 751 1137 certissimus
764 1071 903 1135 iudex⁴⁷
925 1069 1058 1136 miseris
1073 1089 1171 1153 opem
1187 1069 1276 1134 tulit

177 1175 370 1240 iudicatum
386 1182 438 1239 est
452 1175 553 1252 euim,
567 1193 675 1237 renum
691 1179 844 1238 naturam
857 1189 924 1237 non
937 1171 1096 1254 recipere,
1112 1176 1150 1235 ut
1158 1171 1276 1235 occiso

178 1284 286 1358 patre,
308 1296 413 1359 supra
429 1275 564 1339 vulnera
586 1280 619 1339 et
633 1292 783 1339 cruorem
802 1274 888 1356 ejus,
909 1272 1055 1355 quietem
1070 1290 1188 1354 cepere
1211 1290 1275 1353 po-

182 1379 331 1442 tuerint!

634 1523 819 1570 nettttffl.

221 1659 252 1720 1.
275 1657 511 1720 Percurremus
539 1675 627 1721 nunc
655 1677 723 1732 eos,
753 1657 888 1740 quibus„
909 1657 944 1720 in
973 1673 1088 1720 causae
1117 1653 1273 1736 dictione,

177 1760 296 1840 magis,
312 1777 387 1840 quae
403 1749 502 1822 extre
523 1757 742 1841 quaestionem
758 1764 866 1835 erant,
888 1763 1079 1833 nocuerunt,
1093 1772 1196 1836 quam
1209 1772 1273 1818 suo

177 1859 371 1924 innocentia
383 1879 479 1943 opem
496 1858 583 1923 tulit.
628 1858 667 1922 L.
683 1857 800 1939 Scipio
825 1861 904 1939 post
917 1854 1204 1939 speciosissimum
1220 1855 1273 1917 tri·

167 1959 347 2044 umpirum,
363 1960 405 2024 de
416 1979 491 2038 rege
504 1958 675 2024 Antiocho
686 1959 834 2036 ductum,
844 1957 980 2041 perinde
991 1974 1031 2022 ec
1042 1953 1070 2004 ⁴⁸
1092 1953 1270 2040 pecuniam

177 2064 220 2126 ab
235 2082 275 2125 eo
301 2061 497 2145 accepisset,
519 2061 696 2125 damnatos
722 2068 784 2125 est.
828 2058 908 2124 Non
931 2063 1024 2144 poto,
1049 2057 1138 2140 quod
1160 2055 1271 2138 pretio

176 2172 350 2248 corruptus
364 2165 515 2243 suerum
536 2169 573 2228 ut
587 2164 690 2242 ilium,
703 2165 807 2230 totius
820 2162 915 2228 Asiae
930 2163 1099 2228 domiuum
1112 2169 1149 2228 et
1160 2160 1232 2244 jttm
1244 2167 1272 2206 ⁵⁰

177 2265 321 2347 Europae
336 2266 493 2331 victrices
507 2285 625 2329 manus
640 2265 856 2349 injicientem,
865 2264 1106 2329 uitra'l'aurum
1122 2267 1269 2327 montem

173 2373 417 2431 summoveret:
449 2366 512 2430 sed
533 2365 686 2449 alioquin
709 2366 760 2431 vir
783 2365 1022 2430 sincerissime
1045 2363 1140 2440 vites,
1166 2366 1200 2426 et
1225 2361 1269 2424 ab

173 2466 242 2531 hec·
253 2467 446 2551 suspicione
462 2467 582 2552 procui
598 2475 756 2545 remotus,
771 2466 920 2543 invidiae,
944 2483 1021 2548 qnae
1044 2472 1125 2529 tune
1138 2463 1172 2527 in
1185 2461 1268 2538 duo-¹

173 2585 244 2631 rom
267 2567 403 2635 fratrum
430 2568 567 2654 inclytis
594 2569 870 2652 cognominibust
905 2565 1090 2642 habitabat,
1117 2563 1265 2630 reuisere

173 2685 196 2728 ss
338 2669 345 2684 ⁸
365 2681 391 2732 ,ι

197 2675 481 2846 οἷρὲἱυέοἰῃίοηί
495 2766 629 2847 quidem
639 2771 807 2834 maximus
820 2769 961 2833 fortunar
973 2766 1090 2849 fulgor,
1106 2764 1145 2830 C.
1154 2773 1264 2830 autem

201 2993 216 3026 ¹
231 2987 369 3038 dedicatam
379 2991 415 3035 eet
423 2997 502 3034 rerum
511 2989 672 3033 antummum
681 2983 743 3045 poti,
755 2989 784 3032 at
790 2983 844 3048 ytiii
860 2985 935 3034 occiso
948 2991 1017 3046 patre
1035 2983 1264 3048 tombepotuertrt

168 3057 222 3115 pte
232 3047 588 3112 ontmuiiiiiiietaeteffmm
598 3048 648 3108 ejus
658 3045 806 3108 anguinea.

172 3311 250 3361 vetit:
265 3313 373 3361 Torren.
404 3311 468 3360 Mox
489 3311 607 3374 cubuere
629 3308 704 3359 deest
725 3309 751 3357 iu
774 3309 837 3357 Per.
856 3309 946 3356 4.-47
963 3303 1037 3354 Heri.
1054 3301 1204 3364 iudan-‘dii
1221 3302 1263 3354 lit

171 3377 277 3440 Pighius
289 3391 346 3426 curn
359 3373 434 3426 codd.
446 3383 475 3425 et
485 3375 557 3438 Meg.
569 3374 612 3423 eiii
625 3373 738 3423 editores
748 3388 776 3422 ae
786 3373 885 3422 at-ts
895 3371 903 3398 ‘
915 3369 957 3419 ite
969 3364 1050 3433 didus
1061 3376 1089 3418 et
1098 3367 1166 3418 bunc
1177 3367 1261 3417 wenti

169 3439 213 3490 eiii
226 3439 340 3490 edidere.
361 3439 417 3503 Ego
429 3447 514 3489 tomen
527 3453 575 3486 non
587 3437 676 3502 dubito
684 3437 743 3500 quin
754 3435 892 3498 prosterni
903 3432 1037 3499 legendum
1049 3433 1174 3494 sitsuerit,
1183 3439 1211 3481 ut
1220 3439 1262 3480 est

169 3505 196 3554 in
206 3519 256 3555 uno
266 3503 364 3554 Brund.
377 3510 405 3554 et
416 3505 487 3568 typis
498 3515 619 3565 expresso
630 3499 862 3564 coeteoeonuytel
873 3500 950 3549 torst.
977 3499 985 3527 ⁶
998 3495 1222 3558 Heriflitsserb.
1233 3503 1260 3545 et

170 3569 243 3620 Leid.
257 3571 331 3633 primi
342 3567 429 3629 suerit.
461 3566 512 3616 Sed
524 3567 599 3615 eiiter
610 3579 697 3615 omnes
716 3573 811 3615 nostre
821 3563 957 3624 editiones,
969 3575 1053 3625 neqm
1071 3573 1177 3611 trecente
1198 3569 1261 3623 pato

168 3633 305 3698 quiequam
317 3631 428 3682 mutari!
446 3631 604 3680 Totam-tt
620 3629 652 3678 ‘rt
667 3635 690 3678 et
700 3630 754 3692 juin
771 3629 866 3693 aliquot
878 3629 942 3678 Mes.
954 3626 1086 3689 omittunt,
1101 3625 1193 3690 partin
1208 3639 1262 3674 nto·

167 3703 226 3746 tunt
245 3699 271 3747 in
287 3699 367 3748 siam.
399 3693 539 3747 Aesontius
560 3693 746 3754 [ieiunantium
763 3695 878 3756 limpor
895 3699 923 3742 et
939 3692 976 3740 sic
987 3691 1055 3744 Veu.
1089 3689 1140 3738 Sed
1159 3697 1255 3739 cetere

169 3761 237 3810 Edd.
253 3768 276 3811 et
285 3762 353 3822 just:
372 3761 444 3825 Meg.
460 3761 541 3810 eme.
576 3756 677 3807 Deinde
694 3765 843 3808 constanter
853 3756 944 3820 scripti
954 3753 1190 3818 edocebexbibeut
1200 3765 1258 3802 oum

661 3901 771 3954 NOTAE

197 4027 208 4060 ν
224 4018 325 4082 Iacntis
333 4014 516 4079 acuminibus]
532 4014 608 4066 onoc
621 4015 692 4063 Pub·
730 4012 887 4079 superiectis
897 4011 1256 4076 itlorurndamnstioneserip·

165 4094 214 4144 iius
231 4096 264 4145 ob
283 4095 377 4144 vietum
398 4091 569 4143 thuibeieut
590 4089 691 4140 Africa·
730 4089 815 4140 timon

166 4185 232 4230 nou
258 4169 351 4220 Lucius
373 4169 406 4219 ob
427 4176 578 4233 superatum
599 4165 690 4217 Antio·
762 4165 837 4215 'Am
849 4165 888 4215 Μ.
899 4167 972 4213 8867.
990 4161 1035 4214 01.
1047 4166 1102 4215 lte.
1111 4167 1135 4214 2.
1150 4162 1213 4214 Urb.
1222 4161 1252 4214 C.

164 4243 531 4310 chum,ritietientdieeretur.
550 4241 621 4307 Lege
632 4257 690 4309 que
728 4245 786 4292 boo.
804 4238 923 4297 Antcb.
936 4241 992 4292 teo.
