3234 5110
401 435 480 484 car.
496 434 549 484 rx.
574 437 622 488 nu
648 435 863 492 nonunnnrs
887 437 1082 487 ruvereus.
1222 421 1285 488 581

235 577 268 642 4.
292 574 487 658 Magnorum
511 576 657 642 virorum
679 577 896 642 clementibus
929 579 1014 644 actis
1044 579 1151 662 ignoti
1175 584 1282 664 patris

193 697 287 741 novae
301 683 402 760 atque
416 678 584 742 inusitatae
599 679 736 741 rationis
748 679 924 744 concilium
939 681 1115 765 adjiciam:
1137 684 1196 765 qui
1205 703 1282 748 curn

193 798 212 842 e
227 779 296 844 filio
311 782 398 844 necti
414 781 482 844 eibi
496 778 635 845 insidias
651 783 883 863 comperisset,
906 801 968 846 nec
992 783 1148 848 inducere
1162 785 1197 847 in
1212 784 1282 848 ani-

192 899 280 944 mum
296 889 417 966 posset,
442 891 477 950 ut
495 901 612 948 verum
636 884 828 966 sanguinem
852 885 894 946 ad
918 885 982 948 hoc
1011 885 1147 948 sceleris
1157 892 1183 922 ¹²
1204 903 1283 970 pro-

192 1000 340 1061 gressum
354 983 509 1059 crederet,
532 983 705 1048 seductam
719 991 742 1031 ¹³
765 1003 904 1048 uxorem
924 985 1124 1068 suppliciter
1145 987 1283 1068 rogavit,

192 1085 253 1145 ‘ne
268 1103 305 1146 sc
317 1083 455 1149 ulterius
470 1086 606 1163 celaret,
622 1085 681 1149 sed
697 1086 866 1163 diceret‚¹⁴
886 1087 957 1150 sivo
979 1087 1073 1149 illum
1088 1087 1282 1150 adolescen-

192 1188 256 1247 tem
271 1185 479 1270 eubjecieset‚
506 1187 577 1250 sive
595 1206 641 1249 ex
664 1187 732 1248 alio
751 1187 978 1267 concepisset?
1020 1184 1282 1250 Asseveratione

191 1284 306 1350 deinde
320 1288 404 1370 ejus,
425 1293 458 1348 et
473 1283 702 1368 jurejurando,
725 1288 783 1347 ‘se
796 1285 843 1347 nil
857 1285 925 1348 tale
941 1285 1056 1348 debere
1070 1287 1280 1369 suspicari,'¹⁵

188 1405 383 1469 persuasuS,
399 1386 433 1449 in
447 1386 559 1449 locum
572 1385 738 1448 desertum
748 1382 818 1447 filio
830 1384 1001 1466 perducto,
1011 1385 1166 1467 gladium,
1179 1409 1280 1472 quern

188 1505 304 1551 secum
320 1486 490 1550 occultum
505 1483 701 1562 attuleret‚¹⁶
722 1484 872 1561 tradidit,
884 1504 925 1548 ac
933 1485 1084 1568 jugulum
1099 1485 1278 1554 feriendum

187 1587 351 1669 proebuit:
373 1604 434 1650 nec
453 1605 593 1665 veneno,
608 1606 669 1651 uec
684 1587 810 1652 latrone
833 1586 923 1650 eiad
938 1587 1158 1669 peragendum
1175 1591 1280 1670 parri·

188 1687 314 1750 cidium
329 1707 414 1770 opus
438 1707 513 1752 esso
529 1687 703 1754 affirmans.
747 1688 826 1768 Quo
841 1671 930 1752 secto
944 1707 1009 1752 non
1033 1687 1207 1770 paulatim,
1222 1690 1281 1752 sed

187 1807 309 1871 magno
338 1790 464 1872 impetu
488 1793 580 1856 rc'cta
605 1791 761 1874 cogitatio
783 1795 897 1874 pectus
916 1789 1053 1873 juvenis
1076 1791 1280 1872 occupaviti

186 1893 414 1975 continuoque
423 1893 552 1976 abjecto
563 1893 683 1976 gladio,
704 1893 779 1957 ‘Tu
791 1891 894 1970 vero‚'
907 1893 1026 1974 inquit,
1042 1896 1171 1974 ‘pater,
1183 1893 1280 1956 vive:

185 1997 218 2056 et
233 1994 263 2056 si
278 2001 343 2057 tam
359 1995 549 2077 obsequens
564 2002 639 2070 ee,¹⁷
663 1999 698 2057 ut
714 1994 777 2058 lroc
791 1992 919 2076 precari
933 1993 1004 2056 lilio
1018 1994 1199 2074 permittas,
1225 2011 1279 2056 me

185 2113 322 2177 quoque
336 2095 527 2177 exsupera!
571 2093 638 2160 Sed
654 2099 781 2159 tentum
791 2093 816 2132 ¹⁸
838 2113 965 2177 quaeso,
988 2114 1029 2158 ne
1043 2113 1138 2157 meus
1153 2113 1232 2175 erga
1241 2099 1280 2158 te

184 2213 281 2259 amor
295 2214 336 2258 eo
351 2196 397 2257 sit
411 2196 472 2258 tibi
488 2195 596 2272 vilior,
621 2195 712 2279 quod
736 2213 756 2259 a
776 2196 977 2277 poenitentia
991 2195 1110 2260 oritur?
1154 2195 1278 2259 Solitu-

182 2296 324 2360 dinem¹⁹
338 2297 498 2378 sanguine
509 2297 690 2375 meliorem,
701 2299 957 2382 pacatioresque
966 2298 1138 2381 penatibus
1149 2297 1277 2380 sylves,

214 2531 225 2563 ⁶
246 2533 303 2582 Vive
310 2533 409 2595 diutius,
420 2549 488 2597 qaum
497 2549 540 2597 ego
549 2535 655 2584 victum
665 2549 723 2584 erm.

180 2806 243 2856 edd.
261 2807 338 2872 eoliq.
359 2808 465 2871 Pighius
487 2824 558 2873 vero,
575 2825 643 2874 quem
659 2812 705 2860 rili
721 2811 911 2869 geuene-ra
928 2803 1018 2854 Leidd.
1036 2809 1060 2854 2.
1072 2808 1096 2852 7.
1116 2803 1196 2854 Barb.
1208 2810 1229 2854 1.
1249 2811 1277 2856 et

178 2871 268 2921 Bitnr.
280 2876 304 2920 2.
320 2875 352 2920 ad
369 2872 429 2921 leae
438 2874 547 2932 ecelen'e,⁸
566 2874 675 2923 Leidt.
685 2879 712 2921 et
724 2873 807 2920 Bitnr.
820 2877 844 2919 l.
861 2873 892 2918 ed
909 2871 970 2917 inae
986 2870 1082 2917 coeteris
1099 2870 1202 2928 gredm
1219 2885 1273 2932 pro·

175 2939 361 2994 ermeli
377 2936 427 2985 ‘ld
446 2947 496 2999 eet,
514 2938 636 2986 inlocum
649 2945 779 2984 secretum
789 2935 910 2992 ductam
927 2931 995 2996 quod
1007 2945 1064 2980 curn
1077 2931 1190 2991 imperiti
1200 2933 1276 2982 libra·

177 2999 209 3048 rii
228 3014 283 3050 non
302 2999 488 3060 intelligerent,
507 3003 612 3050 verbum
624 2999 743 3063 mpicare
753 2999 913 3047 introierunt
924 3003 953 3045 et
964 2996 1083 3058 legerunt
1091 2995 1208 3044 reductam
1218 3012 1277 3044 uxo·

175 3078 227 3113 rem
236 3062 371 3125 neptem,
384 3064 529 3126 suppliciter,
545 3066 584 3126 ise.
601 3068 628 3112 et
639 3065 674 3113 eie
690 3064 716 3112 in
728 3060 921 3128 quatuordecim
933 3060 998 3108 Mer.
1010 3057 1110 3107 invenit
1120 3057 1276 3120 Torrentem

175 3127 219 3190 qui
242 3134 333 3177 temen
353 3139 400 3188 pro
417 3125 536 3189 metam
554 3127 661 3191 conjicit
676 3129 807 3190 neptium,
824 3125 842 3174 i.
851 3140 875 3174 e.
893 3125 964 3188 queri
976 3136 1074 3180 eruens,
1084 3121 1128 3184 qui
1140 3119 1172 3170 de
1183 3122 1278 3171 violate

175 3205 263 3240 uxore
282 3190 392 3251 expetit,
408 3198 436 3239 et
455 3205 530 3254 quem
550 3206 669 3256 querere
688 3191 789 3256 pudet;
803 3189 841 3239 uti
860 3188 956 3238 Darios
969 3185 1036 3249 epud
1049 3185 1122 3236 curt.
1134 3198 1170 3234 rr.
1183 3189 1222 3235 lo.
1235 3191 1275 3236 ³².

101 3255 104 3262 '
176 3253 225 3304 Art
236 3253 321 3305 lectio
332 3259 419 3303 textui
431 3255 498 3305 bene
509 3255 606 3305 hebet)
617 3255 762 3320 Kapp—ll
773 3256 781 3283 ⁶
791 3253 877 3304 Verba
888 3253 927 3300 red
938 3251 1026 3300 diceret
1037 3251 1130 3299 ebruut
1141 3266 1155 3297 a
1167 3257 1277 3314 quatuor

175 3319 241 3368 Moe.
259 3317 405 3381 Pighienie,
421 3321 490 3369 Dan.
510 3327 553 3369 otr
588 3335 620 3369 ue
637 3321 734 3371 Brund.
747 3325 774 3370 et
786 3319 818 3368 ab
830 3317 948 3366 undecim
959 3313 1079 3364 Torreuii
1092 3315 1203 3379 itemque
1215 3315 1277 3364 Ver.

175 3383 227 3431 Sed
238 3382 338 3432 ineunt
348 3389 460 3446 quetnor
468 3383 588 3447 Pighiarn
597 3391 624 3434 et
633 3385 705 3446 Mog.
733 3383 798 3434 Mihi
809 3379 943 3432 commode
953 3380 1043 3429 ebeere
1053 3393 1129 3442 poree
1140 3378 1278 3428 ridentur!

175 3445 320 3496 Idem—lii
338 3447 415 3496 Hoc:
432 3462 458 3496 ee
470 3462 496 3497 a.
509 3453 530 3498 t.
546 3451 573 3498 d.
591 3463 609 3496 r.
627 3463 752 3511 peream
770 3446 841 3511 quui
871 3444 1206 3494 loeremdenrnatColerne.
1237 3442 1277 3492 ‘n

175 3511 253 3560 codd.
265 3516 368 3574 reptem
380 3511 453 3561 ebeet
463 3526 604 3575 pronomen
615 3527 650 3572 re,
660 3529 677 3562 e
687 3519 799 3577 quatuor
809 3523 843 3560 er
852 3507 1001 3560 ire-verbnm
1008 3508 1089 3556 delere
1099 3524 1109 3566 ,·
1126 3505 1171 3556 red
1180 3515 1276 3555 utrum·
1379 3565 1384 3574 .

176 3586 227 3637 qne
240 3576 268 3624 iu
278 3574 353 3624 Leid.
365 3582 434 3638 eept.
446 3577 587 3640 ercriptum
599 3584 640 3625 ert
649 3578 748 3626 recenti
761 3589 846 3626 menn.
880 3572 1014 3624 cunctetur
1032 3570 1154 3635 proiecto
1174 3584 1231 3619 euru
1244 3571 1275 3636 iis

176 3644 292 3700 quatuor
302 3646 330 3688 et
341 3640 431 3702 Lipeio
441 3641 530 3703 legar:
547 3643 583 3690 ait
598 3643 647 3690 tete
664 3640 780 3704 turpiori
799 3637 942 3702 pamm?
962 3637 1068 3685 Torren.
1102 3633 1161 3682 Hoc
1181 3633 1275 3696 probat

176 3701 373 3764 Keppiuse-lo
389 3705 442 3754 Ute
474 3719 505 3753 ue
516 3706 589 3755 Med.
600 3705 697 3768 Ultrej.
709 3705 781 3767 prim.
795 3703 869 3753 Leid.
881 3706 950 3764 cept.
963 3713 1065 3749 emeno
1078 3697 1168 3760 prime,
1177 3700 1274 3747 caleat.

174 3763 245 3815 ltem
257 3766 331 3816 Med.
340 3767 413 3830 prim·
426 3719 558 3832 ealltraj.
569 3783 621 3820 rec.
632 3768 771 3828 feriendum
779 3767 937 3816 etiaim-ll
947 3765 1000 3812 Sex
1010 3760 1087 3811 codd.
1098 3762 1207 3836 Torren.
1217 3777 1276 3837 συξη

175 3829 251 3906 Mop.
263 3829 354 3884 delent
363 3829 432 3882 aler.
448 3847 513 3882 nuuc
524 3833 662 3896 anseperto.
671 3835 736 3896 Cop.
744 3831 884 3896 adaequatio
896 3827 969 3878 Leid.
980 3834 1050 3886 rept.
1061 3822 1135 3900 addit
1146 3837 1192 3886 pro
1204 3839 1276 3902 verte

173 3894 304 3944 lectione.-
321 3895 395 3956 driu,
406 3911 456 3958 eru,
467 3900 516 3945 tem
527 3897 662 3960 oieeqme,
677 3897 746 3945 lreud
755 3897 925 3957 ineleganter.
959 3891 1041 3938 Porro
1054 3890 1168 3963 plerique
1184 3897 1276 3952 erupti

175 3957 284 4021 hebent,
296 3963 321 4008 et
329 3959 371 4008 lior
377 3959 470 4023 pecati
477 3960 534 4024 filio
545 3961 679 4024 μνήσεαι,
691 3975 753 4022 non,
762 3964 799 4008 et.
811 3958 857 4006 red
869 3956 941 4005 ebert
953 3955 985 4002 ab
997 3953 1091 4015 UtueJ.
1103 3966 1155 4002 see.
1167 3965 1192 4002 er
1205 3955 1277 4016 Meg.

176 4025 204 4070 ut
216 4022 297 4088 megia
310 4025 604 4088 pleeetl'orrenio.-18
620 4023 758 4074 Sedtnmea
778 4023 892 4087 quinque
911 4016 988 4068 codd.
1007 4018 1114 4066 Torren.
1147 4017 1209 4066 Mox
1230 4019 1274 4068 etti

176 4085 255 4134 deest
270 4089 298 4136 ln
314 4087 395 4137 nidd.
414 4088 497 4137 Colln.
515 4088 616 4151 Gryplr.
626 4089 717 4152 Steph.
730 4087 808 4150 Pige.
818 4082 949 4134 Coler.'l'lr
967 4096 989 4128 e.
1001 4081 1096 4144 Delplr.
1109 4086 1136 4130 et
1147 4081 1234 4134 Voret.
1246 4084 1273 4132 id

172 4149 285 4198 Tomn.
298 4151 397 4202 eddidit
408 4151 565 4202 arroteritate
577 4151 712 4202 duodecim
723 4151 800 4201 codd.
811 4149 926 4210 itemque
962 4152 997 4194 et.
1009 4145 1078 4207 Mog.
1096 4153 1125 4194 et
1143 4147 1211 4212 Lipe.
1229 4163 1273 4210 ep.

173 4211 340 4326 Ἥκω-19
357 4215 539 4268 Oeolitudiaenr
558 4215 634 4280 Piglr.
656 4231 689 4266 ex
707 4212 910 4282 (impetendis
925 4209 1002 4262 codd.
1014 4210 1272 4264 voculeexclemendi

176 4283 262 4327 aeri.
