3234 5110
570 417 654 466 cnr.
670 418 704 466 v.
727 417 777 466 nn
798 415 984 466 suerrum.
1254 401 1320 466 631

228 563 354 644 gestam
368 577 554 636 censuram,
562 560 721 644 majorem
736 558 884 624 civitatis
899 562 1031 642 partem
1040 568 1316 643 amputassent,

229 664 314 728 diem
329 663 382 727 his
397 660 443 726 Ρ.’
454 661 604 727 Rutilius
615 671 640 712 ¹⁷
663 663 813 727 tribunus
828 661 940 744 plebis
951 660 1189 744 perduellionis
1203 662 1246 724 ad
1260 682 1321 745 pc·

228 765 346 847 pulum
362 765 457 843 dixit,
480 769 602 847 praeter
626 781 838 828 communem
862 761 1176 842 consternationem,
1190 763 1322 846 privata

229 867 330 930 etiam
349 867 401 929 ira
415 884 599 945 accensus3
621 865 701 947 quia
724 865 965 928 ‘necessarium
987 863 1061 947 ejus
1069 863 1094 902 ¹⁸
1115 883 1161 928 ex
1184 864 1321 948 publico

228 966 306 1031 loco
320 967 482 1060 parietem
505 964 674 1030 demoliri'
690 965 869 1049 jusserant.
913 964 1040 1042 Quoin
1058 965 1188 1050 jndicio
1202 966 1320 1051 primm

230 1068 352 1132 elassis
367 1068 537 1150 permultae
566 1070 728 1133 centuriae'
749 1067 928 1132 Claudium
954 1074 1071 1150 aperte
1094 1068 1319 1133 damnabant:

230 1169 273 1233 de
300 1169 446 1234 Gracchi
474 1169 681 1233 absolutione
709 1170 871 1231 universae
897 1167 1081 1232 consentire
1112 1169 1320 1234 videbantur.

231 1268 298 1348 Qui
313 1271 404 1336 clara
418 1287 502 1332 voce
513 1267 654 1347 juravit,
675 1267 728 1328 ‘si
742 1265 784 1328 de
799 1265 931 1346 collega
946 1285 1007 1328 suo
1017 1270 1151 1347 gravius
1164 1275 1257 1332 esset
1265 1269 1322 1352 ju-

230 1369 388 1446 dicatum,
401 1368 437 1430 iu
451 1366 552 1430 lactis
573 1366 711 1449 paribus
726 1365 916 1428 secundem
932 1385 1005 1430 oum
1029 1367 1089 1430 illo
1106 1386 1241 1448 poenam
1263 1389 1323 1434 ex-

230 1472 282 1536 ilii
290 1480 316 1520 ¹⁹
338 1465 545 1533 subiturum!
589 1465 707 1549 anue
730 1465 867 1549 justitia
895 1471 967 1530 tota
990 1466 1049 1530 illa
1071 1472 1257 1549 tempestas
1279 1473 1322 1536 eb

230 1572 406 1654 utriusque
429 1569 569 1635 fortunis
584 1575 618 1634 et
631 1568 744 1652 capite
760 1569 902 1650 depulsa
922 1575 986 1633 est.
1031 1567 1209 1634 Claudium
1235 1571 1324 1635 enim

231 1672 382 1758 populus
406 1671 565 1736 absolvit:
589 1669 745 1736 Graccho
759 1688 871 1734 causae
888 1669 1070 1734 dictionem
1084 1671 1235 1734 tribunus
1254 1671 1324 1736 Ru-

233 1775 329 1840 tilius
339 1781 366 1811 ²⁰
387 1770 563 1838 remisit.ji

276 1878 308 1940 d
331 1874 490 1957 Magnam
504 1873 637 1938 laudem
653 1880 688 1937 et
708 1873 793 1938 illud
809 1873 991 1954 collegium
1010 1872 1217 1936 tribunorum
1236 1872 1324 1954 tulit,
1375 1855 1380 1864 ⁸

234 1977 337 2062 quod,
354 1996 430 2041 cum
444 1994 534 2040 unua
546 1995 592 2040 ex
606 1994 646 2039 eo
669 1975 709 2040 Ι..
726 1975 824 2040 Cotta
838 1975 960 2038 fiducia
975 1979 1200 2039 sacrosanctae
1216 1979 1326 2056 peteu-

234 2078 316 2144 tatis
331 2077 554 2142 creditoribus
570 2076 640 2146 suis
656 2077 758 2142 nollet
783 2077 987 2155 satisfacere,
1013 2076 1170 2154 decrevit,
1193 2077 1247 2139 ‘si
1268 2097 1326 2140 ue-

235 2199 301 2264 que
324 2179 504 2244 solveret²¹
528 2179 721 2262 pecuniam,
744 2199 856 2263 neque
881 2179 975 2243 deret
996 2198 1072 2243 cum
1098 2197 1165 2262 quo
1188 2180 1326 2260 sponsio

234 2281 339 2358 fieret,
362 2300 399 2343 se
425 2280 675 2363 appellantibus
699 2299 774 2344 eum
799 2280 1024 2346 creditoribus
1034 2286 1061 2316 ²²
1083 2279 1214 2345 auxilie
1236 2280 1326 2344 futu·

235 2380 339 2446 rum?
374 2380 523 2464 iniquum
553 2389 699 2462 rutum,²³
737 2384 942 2468 majestatem
978 2381 1147 2466 publicam
1184 2383 1327 2465 privatae

686 2543 866 2563 mm!

228 2656 385 2716 [eventilent
395 2658 442 2707 imo
452 2657 621 2708 destitit—lt
638 2658 745 2706 Venett.
755 2657 794 2705 Μ.
806 2657 931 2721 Popilium
947 2655 1054 2706 Medici.
1064 2658 1089 2704 ³.
1107 2667 1164 2704 cem
1175 2651 1328 2718 quibusdem

236 2721 427 2772 codd.'l'orren.
441 2721 469 2769 P.
480 2721 625 2786 Pompiltm
643 2723 686 2770 alii
698 2720 814 2832 eiusdem
829 2736 887 2770 curn
900 2719 979 2769 Aldd.
997 2719 1104 2769 Arcem.
1124 2718 1207 2766 Colin.
1227 2717 1328 2780 Gryph.

237 2793 265 2834 et
283 2785 375 2848 Steph.
393 2785 430 2834 Μ.
442 2785 590 2847 Pompilium
606 2785 684 2834 codd.
716 2799 759 2832 ere
779 2786 809 2833 P.
824 2784 947 2846 Popiliae,-
963 2791 991 2832 et
1010 2785 1048 2833 nic
1065 2783 1091 2830 in
1103 2782 1230 2830 Vct-18
1246 2780 1329 2831 Codd.

237 2848 430 2913 quatuordecim
441 2863 499 2896 cum
515 2849 630 2897 omnibus
649 2847 709 2896 edd.
726 2852 786 2908 ente
798 2848 917 2910 Pighium
935 2846 1035 2896 addunt
1046 2846 1171 2894 Rutilium.
1203 2845 1331 2894 ‘interea

237 2913 326 2962 mirum
339 2920 380 2961 eet
389 2913 430 2961 hic
442 2925 529 2961 rerum
540 2926 631 2959 nornen
643 2911 738 2960 tribuni
749 2911 775 2958 in
787 2911 862 2960 codd.
874 2911 990 2971 retineri,
1000 2909 1067 2976 quod
1076 2923 1154 2971 cupra
1163 2908 1328 2957 variiemodir

238 2984 389 3040 corruptum
402 2975 529 3025 vidimus!
548 2975 644 3024 Tor-rea.
676 2974 740 3022 Mox
750 2974 799 3022 loco
810 2974 885 3023 deant
897 2975 1057 3023 inVet—lt
1074 2973 1201 3021 ‘Videtur
1217 2971 1247 3020 el
1264 2971 1332 3022 exitii

239 3053 296 3090 erre
306 3055 339 3089 ex
351 3041 454 3102 (ilonea,
469 3053 518 3088 uec
527 3039 676 3102 agnoscitur
688 3053 703 3086 a
714 3037 765 3086 Me.
800 3038 970 3088 Nihilominus
981 3038 1024 3086 hic
1044 3036 1168 3097 abundat,
1183 3050 1241 3084 eum
1258 3035 1332 3085 addit

238 3106 345 3166 eradent,
361 3112 390 3154 et
402 3118 448 3166 per
460 3118 487 3151 re
499 3101 670 3166 intelligitur!
687 3103 799 3152 Peteon.
832 3101 913 3151 Delet
931 3100 960 3150 ri
977 3099 1046 3150 exitii
1066 3100 1143 3148 etiam
1163 3099 1242 3148 Beth.
1255 3099 1331 3162 prim.

239 3169 322 3217 ceteri
334 3175 439 3216 cervant
449 3181 506 3216 curn
518 3167 635 3215 omnibus
645 3165 704 3215 edd.
735 3167 743 3194 ⁴
754 3167 826 3215 Cave
837 3165 929 3214 credes
940 3166 964 3213 tr.
974 3167 992 3214 l.
1005 3163 1109 3213 defendi
1122 3177 1197 3227 poete
1208 3163 1334 3228 loquendi

238 3229 350 3280 formam
360 3247 375 3280 a
386 3231 480 3280 Vorsio
491 3237 519 3280 et
530 3231 585 3280 aliie
597 3231 754 3292 damnatam,
769 3231 832 3278 idem
847 3245 900 3280 cum
914 3227 974 3278 ua!
994 3229 1101 3278 Torren.
1117 3241 1168 3276 cem
1178 3228 1219 3276 itio
1236 3227 1334 3276 omittit

239 3295 337 3345 Medic.
351 3299 441 3345 1.-2o
456 3295 580 3344 Similiter
591 3309 622 3344 ee
634 3295 661 3343 in
673 3295 749 3343 initio
761 3293 873 3356 exempli
891 3293 992 3342 varient
1009 3294 1050 3342 tric
1068 3307 1169 3357 quoque
1182 3293 1245 3339 Mea.
1279 3291 1333 3340 Sed

238 3361 357 3472 plerirlpie
366 3361 500 3436 omittunt,
515 3358 570 3409 trib.
586 3364 614 3409 et
625 3359 682 3420 ejm
692 3359 750 3434 loeo
760 3358 856 3434 habent
869 3371 1026 3420 praenomen,
1036 3357 1066 3406 P.
1080 3358 1119 3404 vel
1135 3355 1332 3418 M.-trv1dgo

240 3421 1181 3550 111...1111111111ἓ11111131111ῗῷ1111
1197 3417 1333 3532 illiti:

240 3551 298 3614 bur,
315 3551 358 3617 qui
370 3552 474 3601 Cottam
489 3549 522 3599 de
542 3550 665 3600 solvenda
684 3551 795 3614 pecunia
813 3549 990 3599 admonerent.
1024 3549 1068 3598 Ita
1082 3549 1149 3597 enim
1167 3548 1264 3595 hebent
1282 3551 1334 3596 tre·

241 3614 325 3664 decim
338 3616 402 3666 Mer.
414 3614 543 3674 'l'orrenii,
563 3615 636 3678 Meg.
654 3621 681 3664 et
692 3615 753 3663 Vet.
772 3613 840 3678 quod
859 3613 953 3663 merito
971 3613 1112 3662 Torrentur
1131 3611 1255 3672 restituit,
1272 3625 1332 3660 cum

242 3681 319 3743 vulgo
330 3681 460 3743 legeretur
470 3679 639 3742 appellentibru
649 3693 683 3740 ee,
699 3678 716 3727 i.
728 3693 752 3727 e.
769 3678 893 3727 auxilium
912 3678 1074 3727 tribunorum
1094 3676 1335 3739 implorantibus.-

242 3745 274 3793 tt
290 3749 359 3794 roae
375 3745 473 3808 aliquot
483 3743 549 3794 Mer.
565 3757 624 3793 cum
634 3743 696 3792 Vet.
729 3743 827 3792 Eadem
838 3756 895 3792 eum
907 3741 1000 3806 copes.
1012 3740 1091 3790 Berb.
1102 3745 1130 3790 et
1139 3739 1195 3789 Bit.
1208 3739 1282 3803 prim.
1302 3751 1333 3788 ec

732 3903 843 3955 NO'l'AE

272 4014 282 4058 l
306 4015 412 4065 Rutilia
431 4013 533 4080 remitit]
558 4013 602 4064 An
624 4013 656 4064 iis
677 4021 770 4078 portet
809 4029 842 4063 ex
854 4013 968 4063 Tribuno
978 4009 1067 4075 opifex
1086 4009 1169 4062 fectae
1187 4017 1237 4073 eet,
1256 4010 1334 4062 etad

244 4093 324 4142 multo
334 4092 449 4142 severine
461 4099 519 4142 aeta
529 4091 654 4153 Ceneme,
672 4092 770 4141 multis·
808 4105 889 4156 opera
900 4089 1004 4153 publice
1014 4087 1130 4138 adbiberi
1140 4087 1230 4151 coepit.

245 4179 296 4230 que
305 4169 364 4230 equi
374 4165 481 4228 adeunti,
493 4173 522 4216 et
530 4165 647 4229 inprimit
655 4165 704 4230 ipri
716 4166 768 4216 Ru·
841 4174 852 4219 r
867 4164 915 4215 An.
925 4164 963 4214 Μ.
974 4167 1048 4214 teet.
1065 4163 1107 4214 01.
1119 4168 1175 4216 1⁵².
1184 4167 1209 4214 1.
1226 4163 1290 4215 Urb.
1303 4163 1334 4212 c.

246 4241 303 4290 tilio
312 4240 434 4304 Tritona,
453 4240 498 4305 qui
509 4239 587 4304 tribu
597 4240 675 4291 etiem
685 4247 770 4290 mutue
809 4244 866 4292 181.
884 4238 946 4291 Ant.
957 4239 1005 4290 cn.
1016 4240 1071 4290 118.
