3080 5106
363 441 427 506 518
664 454 820 503 vsnunu
847 453 990 502 uantur
1017 455 1087 504 niu.
1106 456 1139 502 v.

362 597 452 668 rem⁶
474 607 609 664 senatus
634 605 854 662 matronarum
876 597 1022 661 ordinem
1045 597 1289 680 benignissimis
1312 599 1453 667 decretis

362 702 545 767 adornavit.
588 699 708 764 Sensit
729 718 870 783 namque
884 699 1095 764 ‘utfoeminis
1117 701 1257 764 semita⁷
1278 701 1340 765 viri
1356 706 1453 769 cede·

362 801 456 881 rent,'
470 801 646 866 consessus
662 803 758 884 ‘plus
782 797 900 863 salutis
916 797 1130 882 Reipublicae
1154 801 1188 863 iu
1202 801 1290 864 stola
1303 821 1402 883 quam
1419 808 1451 868 in

362 904 463 967 armis
478 902 607 966 fuisse?
628 905 839 986 vetustisque
859 904 987 966 aurium
1007 901 1231 984 insignibus⁸l
1252 923 1374 966 novum
1390 908 1451 970 vit-

361 1011 406 1067 tas
419 1003 597 1068 discrimen
612 1002 747 1086 adjecit.
791 1002 950 1066 Permisit
962 1023 1095 1088 quoque
1110 1003 1163 1066 bis
1178 1023 1345 1087 purpurea
1359 1015 1452 1071 veste

361 1110 396 1167 et
419 1106 529 1168 aureis
556 1107 605 1167 uti
635 1107 860 1188 segmentis.⁹‘
904 1107 1010 1188 Super
1038 1107 1109 1169 haeo
1135 1105 1242 1170 aedem
1254 1113 1280 1142 ¹⁰
1302 1113 1336 1170 et
1357 1125 1449 1170 uram

362 1205 521 1269 Fortunae
546 1205 702 1270 Muliebri
718 1227 760 1272 eo
782 1208 871 1284 loeo,
886 1227 953 1291 quo
977 1205 1176 1270 Coriolanus
1197 1200 1359 1270 exoratus
1381 1208 1450 1272 sue·

360 1314 425 1384 rat,
434 1306 620 1371 taciendam
633 1318 656 1348 ¹¹
680 1311 820 1388 curavit,
830 1329 1010 1374 memorem
1024 1308 1178 1372 beneficii
1193 1309 1341 1373 animum
1355 1329 1449 1374 suum

361 1409 530 1491 exquisito
544 1410 714 1491 religionis
730 1410 823 1475 cultu
839 1407 1021 1475 testando*

405 1509 515 1587 Quem
526 1513 664 1577 secundi
674 1513 775 1577 etiam
790 1512 867 1577 belli
880 1513 998 1576 Punici
1009 1517 1160 1593 tempore
1173 1512 1337 1576 exhibuit
1366 1511 1449 1576 Cum

361 1612 447 1675 enim
459 1619 484 1650 ¹²
506 1633 527 1677 a
554 1612 674 1678 Fulvio
702 1613 822 1696 Capua
850 1612 1068 1689 obsideretur,
1093 1632 1133 1676 ac
1163 1613 1238 1677 dnae
1266 1613 1447 1697 Campanae

358 1712 513 1778 mulieres
528 1715 797 1778 benevolentiam
812 1733 889 1795 erga
904 1713 1075 1776 Romanos
1097 1712 1258 1777 dimittere
1272 1734 1315 1776 ex
1330 1715 1449 1777 animis

358 1815 555 1891 noluissent,
571 1813 689 1878 Vestia
715 1814 842 1896 Opidia
855 1823 878 1860 ¹³
901 1814 1163 1890 materfamilias,
1185 1824 1219 1880 et
1241 1813 1359 1878 otuvia
1383 1815 1450 1881 Fa-

359 1917 469 1979 cula¹4
490 1918 668 1996 meretrix3
692 1936 830 1999 quarum
852 1917 951 1981 altera
976 1917 1126 1999 quotidie
1140 1935 1199 1998 pro
1222 1917 1330 1980 salute
1344 1919 1449 1981 nostri

357 2022 521 2086 exercitus
547 2019 760 2099 sacrificavit,
784 2018 888 2084 altera
911 2020 1019 2102 captis
1037 2019 1198 2084 militibus
1220 2019 1448 2084 Rornanorum

814 2201 995 2222 {mm

359 2311 458 2385 tinere-¹
470 2312 599 2374 impp—5
612 2315 738 2365 Mediel.
745 2315 856 2375 senem
869 2317 1065 2380 Herbfiuieuse.
1099 2317 1184 2365 Bltnr.
1194 2321 1217 2364 1.
1227 2320 1251 2365 7.
1263 2317 1343 2366 Barb.
1352 2323 1379 2366 et
1387 2317 1445 2367 Vel.

358 2379 543 2424 mennatem—6
561 2377 629 2427 (leto
637 2380 713 2428 codd.
721 2381 827 2430 Torren.
836 2396 894 2430 eum
903 2383 963 2431 Ver.
974 2391 1001 2428 et
1013 2382 1082 2444 Mog.
1094 2381 1187 2430 taetre.
1222 2382 1294 2430 Vett.
1305 2382 1383 2444 lipsii
1391 2397 1446 2431 eum

358 2438 420 2486 vet.
438 2444 532 2489 reuolue
547 2443 697 2502 gratitudine
717 2449 791 2492 motus
809 2451 984 2500 metr-osorem:
1000 2453 1091 2493 contra
1109 2459 1196 2494 omnes
1211 2445 1446 2495 cotld.anren.-t

358 2501 429 2577 yett.
440 2503 521 2566 bipsii
530 2507 622 2555 etVot.
631 2509 768 2563 decernitur
780 2509 854 2567 Pinlr.
862 2508 1111 2568 atisoenisieeemtte.
1124 2510 1247 2558 Nonnulli
1255 2509 1331 2558 codd.
1340 2511 1445 2560 Torren.

356 2581 382 2614 ss
392 2567 471 2616 ecbola
481 2584 550 2630 qaum
560 2570 586 2616 in
597 2571 669 2618 ermis
675 2586 684 2627 ,·
701 2571 798 2621 Medic.
809 2578 833 2623 7.
852 2575 878 2622 in
888 2575 965 2622 seboin
974 2574 1125 2636 pantica-a
1144 2573 1243 2637 Lipsius
1255 2575 1337 2632 malit,
1347 2575 1447 2624 meten

355 2631 505 2691 insignitum·
522 2633 596 2695 Piglr.
608 2635 726 2683 inerti-ints
736 2637 884 2697 insignibus:
902 2638 1021 2686 Perizou.
1032 2653 1111 2686 eurum
1123 2639 1271 2700 isontium·
1287 2638 1332 2686 sed
1355 2640 1447 2687 remeet

356 2697 469 2742 retinent
481 2711 568 2746 omnes
580 2699 655 2749 codd.
689 2701 752 2748 blox
763 2701 819 2750 nita
828 2702 954 2751 discrimen
965 2702 1063 2752 brand.
1076 2707 1098 2752 l.
1108 2707 1131 2751 2.
1143 2703 1257 2752 etmulti
1268 2704 1377 2752 Torren.
1389 2717 1446 2752 enm

355 2757 414 2834 edd.
428 2765 544 2808 vern—o
561 2763 683 2812 Nonnulli
703 2764 780 2813 eodd.
799 2767 935 2827 tegmentis,
953 2767 1098 2826 tegimentis,
1118 2767 1159 2814 vel
1181 2768 1322 2828 tegumentis
1343 2767 1384 2816 bie
1404 2782 1446 2816 er-

355 2823 517 2873 lubent.-l⁰
533 2827 633 2890 imper
648 2831 721 2877 edm
739 2829 828 2878 beidd.
844 2835 868 2878 o.
881 2835 906 2878 7.
926 2827 1002 2893 Super
1019 2831 1062 2879 tae
1079 2832 1151 2879 eden
1167 2831 1229 2880 Ver.
1247 2829 1352 2879 Venett.
1372 2831 1445 2890 aliu

356 2883 432 2946 Super
442 2888 491 2936 loee
502 2892 613 2940 retinent
624 2893 666 2941 alii
678 2893 753 2942 codd.
765 2909 822 2943 cum
834 2896 904 2957 Meg.
919 2895 1025 2944 Medinl.
1037 2900 1061 2943 t.
1077 2903 1103 2942 et
1120 2895 1190 2942 beid.
1202 2900 1227 2943 7.
1245 2909 1319 2942 nienn
1338 2896 1446 2944 recenti.

355 2948 468 3024 Fortasse
485 2955 605 3004 muliebris
619 2957 691 3006 Leid.
703 2961 725 3006 1.
747 2959 818 3007 Leid.
837 2964 860 3008 7.
878 2975 892 3007 a
912 2974 945 3007 m.
963 2973 1015 3010 sec.
1036 2964 1063 3008 et
1082 2959 1153 3021 Meg.
1188 2960 1249 3008 Mox
1261 2959 1354 3020 Copee.
1365 2958 1391 3006 iu
1402 2975 1447 3022 que

356 3013 563 3067 Coriolanus-ll
581 3021 624 3068 Sic
644 3022 863 3084 edidltVoretius,
880 3023 1101 3072 consentientibus
1122 3030 1182 3072 octo
1202 3022 1276 3072 codd.
1294 3023 1402 3072 Torren.
1420 3029 1446 3072 et

353 3077 413 3126 Vet.
430 3081 512 3130 ceteri
523 3083 665 3133 coddcum
677 3085 735 3134 edd.
747 3089 827 3150 antiq.
836 3088 986 3148 faciundam,
1003 3089 1043 3135 vel
1053 3086 1199 3146 feeiesdrus.
1231 3085 1333 3136 Deinde
1354 3086 1446 3150 Copes.

352 3141 444 3192 Leidd.
456 3149 479 3194 d.
491 3148 515 3194 o.
530 3147 603 3196 Harl.
614 3157 641 3196 et
652 3150 747 3212 Ultrnj.
760 3155 784 3200 l.
796 3165 855 3200 corn
866 3151 971 3200 Venett.
981 3149 1061 3199 Aldu.
1074 3150 1180 3202 Ascens.
1200 3151 1285 3200 Colin.
1302 3151 1402 3214 (tryph.
1418 3159 1446 3200 et

351 3205 595 3271 Stepb.eeqeieitoe,·
611 3213 658 3262 sed
669 3215 730 3262 Vet.
748 3216 820 3277 Meg.
839 3221 867 3264 et
885 3215 992 3264 Mediol.
1013 3219 1037 3263 8.
1053 3230 1111 3264 oum
1131 3216 1234 3279 reliquis
1249 3216 1325 3264 codd.
1336 3215 1445 3264 Torren.

351 3272 469 3384 pff,
481 3281 661 3390 iiim}
678 3277 796 3401 {lili
807 3279 958 3405 tibull·
972 3279 1445 3408 btltiiltmbt

422 3367 429 3383 .
457 3371 464 3384 .
804 3359 812 3397 ,¹
911 3360 917 3390 ι
1095 3371 1134 3392 .-
1243 3361 1266 3392 ut
1438 3378 1445 3392 .

356 3397 464 3460 Vestigie
485 3403 573 3462 Opidia
595 3405 651 3455 cod.
672 3405 780 3456 Laveru.
804 3407 882 3456 Barb.
902 3412 923 3456 l·
943 3413 970 3456 et
991 3408 1085 3471 Copee.
1113 3409 1180 3456 unde
1202 3409 1308 3457 Colerus
1332 3408 1446 3465 Venta.-

351 3461 449 3538 Brand.
464 3469 486 3514 1.
496 3469 521 3512 2.
534 3475 560 3514 et
574 3469 645 3517 beto.
656 3474 681 3518 7.
697 3471 803 3532 Vettigie
815 3471 926 3533 Oppide5
943 3471 1014 3520 Leid.
1028 3477 1051 3521 l.
1068 3473 1176 3533 Vestigie
1185 3473 1271 3535 spirim
1287 3471 1359 3521 Leid.
1374 3477 1398 3522 t.
1418 3479 1445 3522 et

350 3525 447 3591 UltraJ.
463 3535 483 3576 Ι.
494 3531 605 3591 oppidtn,·
617 3535 687 3582 beid.
699 3540 723 3584 7.
736 3535 834 3584 Medic.
847 3541 871 3584 2.
884 3543 910 3583 et
920 3536 1012 3596 copes.
1024 3550 1083 3584 am.
1094 3551 1148 3586 see.
1169 3536 1250 3585 Vestio
1263 3537 1358 3600 Oppie,·
1378 3538 1445 3586 alter

351 3589 471 3641 Perizon.
499 3593 583 3643 Vescia
596 3597 674 3658 Oppia
682 3613 691 3653 ,·
709 3599 793 3647 bitur.
804 3603 829 3648 l.
843 3599 906 3662 Opia
914 3615 924 3656 ,·
940 3600 1035 3662 Ultrej.
1046 3604 1071 3648 2.
1083 3609 1109 3649 et
1121 3601 1193 3663 Meg.
1215 3601 1320 3650 Vesticio
1333 3601 1445 3666 opida.-

352 3657 382 3702 lt
396 3657 491 3706 Medic.
503 3664 526 3709 2.
540 3660 697 3719 mansuetior
703 3677 713 3717 ,·
729 3662 827 3710 Medio.
846 3668 868 3711 l.
880 3670 907 3712 et
919 3664 994 3712 llarl.
1005 3665 1084 3712 mese
1097 3665 1198 3722 Feeelu
1215 3666 1293 3714 Barb.
1314 3671 1335 3714 1.
1354 3674 1382 3714 et
1395 3668 1445 3715 Co·

350 3733 406 3781 pen.
429 3723 530 3772 Diuisio
541 3726 631 3773 Fueule
638 3739 649 3782 ,·
666 3724 756 3773 beidd.
768 3731 792 3773 5.
802 3731 827 3775 o.
839 3727 931 3776 Diniae
940 3727 1049 3787 Facete,-
1063 3729 1111 3778 sed
1123 3743 1189 3780 corr.
1200 3729 1226 3779 in
1238 3730 1311 3779 leid.
1321 3736 1346 3779 t.
1360 3730 1444 3780 thsie

838 3853 950 3905 NOTAE

381 3965 632 4020 '’Vetustir'eeriws
660 3969 805 4033 insignibus]
832 3970 875 4019 ln·
916 3969 1179 4035 redimicula,quibus
1198 3971 1320 4020 mulieres
1337 3973 1447 4018 utuntur

349 4052 423 4090 eures
434 4045 875 4110 Colerusiutelligit,qunrumresne
914 4046 947 4094 ed
973 4047 1066 4110 cepitis
1087 4055 1281 4107 ornamentum
1308 4051 1335 4094 et
1354 4041 1445 4094 fascias

348 4119 533 4180 perantiquus:
552 4121 671 4170 elenebos
689 4123 766 4172 etiem
785 4123 874 4186 appel·
914 4123 1006 4185 quibos
1017 4129 1097 4185 eepnt
1108 4123 1292 4172 circumdetur.

348 4191 447 4242 tabent·
946 4199 1160 4249 'tarteson
1186 4197 1316 4250 ottae.
1339 4195 1446 4247 urbo

380 4274 392 4301 ⁶
408 4267 553 4332 segmentis]
568 4273 707 4333 segmenta
718 4273 875 4324 dicunturet
913 4279 970 4326 aod.
988 4275 1176 4326 Annonem.
