3230 5110
310 447 374 512 706
603 451 759 506 vinnan
785 455 930 504 unxlnr
956 457 1026 504 mu.
1050 457 1116 503 νυ.

310 603 447 674 ferendo
462 617 538 683 quae
554 597 755 680 patiebatur,
770 595 850 660 dum
871 597 996 660 alienas
1017 597 1275 679 potiuslacessit
1304 622 1400 688 opes,

310 723 411 788 quam
425 719 505 764 suas
520 705 638 776 tuetur,
656 717 724 782 quo
746 699 891 794 nequiore
907 701 1017 764 animo
1030 718 1164 782 reguum
1178 700 1339 784 desernit,
1362 724 1405 769 eo

310 802 567 885 tutiusrecepit.
796 791 805 806 ’

351 905 384 968 2.
408 901 500 981 Quid
516 901 690 966 Hannibal
708 900 876 966 Cannensi
898 903 1038 985 praeliol
1062 921 1168 967 noune
1195 905 1302 968 aciem
1327 925 1407 970 nos·

307 1015 393 1071 tram
401 1005 634 1087 priusquam4¹
651 1003 694 1066 ad
703 1002 931 1068 dimicandum
940 1003 1168 1081 descenderet,
1178 1006 1405 1088 compluribus

308 1106 441 1171 astutiae
456 1104 648 1187 copulatam
671 1104 812 1187 laqueis,
834 1104 878 1168 ad
906 1109 975 1168 tam
997 1104 1221 1169 miserabilem
1247 1106 1407 1188 perduxit

307 1206 460 1271 exitumi
493 1203 584 1269 Ante
611 1205 728 1268 omnia
745 1204 833 1268 enim
859 1203 1017 1287 providit,
1040 1211 1081 1268 ut
1105 1211 1138 1270 et
1156 1207 1259 1270 solem
1276 1213 1310 1270 et
1330 1209 1404 1290 pul-

307 1314 444 1383 vorem:
457 1307 517 1389 qui
531 1307 579 1371 ibi
588 1310 688 1370 vento
702 1305 825 1369 multus
840 1305 982 1369 excitari
998 1304 1098 1382 solet,
1114 1307 1288 1371 adversum
1303 1308 1405 1372 habe-

306 1417 369 1475 ret.
414 1408 546 1474 Deinde
561 1413 713 1490 ‘partem
729 1407 902 1489 copiarum
918 1424 1053 1469 suarum
1069 1406 1150 1470 inter
1175 1407 1284 1489 ipsum
1299 1411 1405 1491 praelii

307 1519 440 1594 tempus
467 1510 508 1573 de
533 1509 696 1573 industria
716 1507 849 1589 fugere'
865 1509 987 1591 jussit:
1011 1527 1111 1592 quam
1137 1527 1213 1572 cum
1240 1511 1404 1593 areliquo

307 1614 455 1678 exercitu
471 1612 648 1693 abruptam
657 1611 742 1692 legio
753 1609 911 1673 Romana
922 1615 1154 1691 sequeretur,4²
1176 1610 1404 1676 trucidandam

309 1734 384 1779 eam
400 1716 443 1780 ab
459 1715 511 1789 iis,
526 1732 611 1796 quos
624 1713 658 1776 iu
668 1712 800 1776 insidiis
809 1710 1044 1788 collocaverat,
1057 1713 1198 1776 curavit.
1225 1713 1404 1777 Postremo

308 1816 567 1900 quadringentos
580 1814 712 1896 equites
726 1811 931 1888 subornavit,
956 1813 1013 1894 qui
1030 1813 1189 1877 simulata
1205 1815 1402 1879 transitione

306 1917 476 2001 petierunt
488 1915 677 1978 consulem:
708 1932 730 1976 a
744 1931 812 1996 quo
820 1912 912 2000 jussi
934 1931 1026 1976 moro
1044 1914 1284 1998 transfugarum
1297 1914 1403 1998 depo-

308 2018 382 2081 sitis
397 2017 498 2082 armis
512 2017 546 2080 in
561 2016 712 2080 ultimam
738 2033 861 2097 pugne)
884 2021 1013 2097 partem
1040 2016 1208 2093 secedere,
1232 2017 1403 2082 destrictis

306 2119 441 2199 gladiis,
457 2137 543 2201 qnos
569 2117 654 2180 inter
667 2119 798 2181 tunicas
818 2124 855 2179 et
876 2117 998 2181 loricas
1021 2116 1230 2194 abdiderant,
1253 2119 1401 2201 poplites

305 2220 522 2300 pugnantium
548 2216 777 2281 Romanorum
802 2214 1018 2282 ceciderunt·
1074 2218 1161 2283 Haec
1181 2219 1246 2282 fuit
1270 2218 1404 2284 Punica

305 2319 477 2394 fortitudo,
500 2317 590 2380 dolis
613 2327 648 2380 et
663 2317 795 2381 insidiis
824 2323 859 2381 et
884 2318 1054 2384 fallaciae
1099 2320 1269 2384 instructa.
1315 2318 1401 2398 Quae

305 2437 394 2482 nunc
408 2416 596 2481 certissima
609 2417 844 2479 circumventae
858 2419 991 2480 virtutis
1003 2426 1125 2484 nostrae
1143 2421 1321 2485 excusatio
1332 2426 1403 2486 est:

305 2519 466 2604 quoniam
480 2517 611 2599 decepti
626 2516 731 2595 magis
747 2533 850 2596 quam
864 2516 946 2579 victi
960 2524 1118 2579 sumus.⁴4

764 2679 943 2702 “Oenonen

304 2782 327 2832 ai
339 2783 400 2831 tueri
410 2783 503 2846 Ccpes.
512 2780 580 2832 unde
594 2780 712 2832 Perisou.
725 2781 794 2844 conj.
805 2784 838 2832 Δ.
849 2796 905 2844 ergo
916 2781 942 2830 S.
954 2797 985 2831 m.
996 2781 1017 2828 ri
1030 2780 1101 2842 aar,
1113 2783 1153 2842 te.
1186 2783 1303 2848 ‘Scripti
1321 2787 1401 2836 nostri

303 2847 466 2896 varisutboc
482 2847 567 2895 niodo.
595 2845 689 2908 Ultrsj.
704 2845 778 2906 prim.
794 2846 849 2909 Aga
864 2847 886 2894 ri
903 2846 1093 2909 Syracusarum
1113 2845 1192 2896 Bnrb.
1204 2849 1403 2910 primnesiae

303 2913 351 2962 cles
360 2927 404 2973 nge
413 2911 600 2975 Syracusarum
617 2909 671 2957 nir.
683 2909 758 2972 prim.
774 2911 1021 2971 Agutborieruutcrar
1040 2910 1112 2959 leid.
1125 2923 1178 2959 sec.
1195 2913 1317 2970 Agrtoder
1328 2913 1403 2976 Syrn-

304 2990 441 3024 emmeram
449 2992 459 3032 ,·
483 2975 558 3037 prim.
582 2975 635 3032 Age
655 2973 845 3036 Syracusanae,-
872 2973 948 3022 Heri.
972 2974 1044 3022 Med.
1067 2988 1119 3022 see.
1140 2973 1213 3022 Leid.
1233 2975 1314 3036 quint.
1334 2981 1401 3024 sext.

303 3039 340 3089 Ar
354 3039 572 3103 rngrorasnr-umr
588 3038 681 3098 Ultruj.
693 3051 745 3085 sec.
761 3037 905 3098 Agulboeies
915 3052 960 3096 nge
971 3035 1157 3144 Sqlrucmrarr:
1173 3036 1262 3098 reliqui
1279 3036 1401 3086 videntur

304 3108 451 3153 consentire
466 3118 524 3153 cunr
537 3103 630 3176 [Πῑηῄ.
649 3100 682 3149 1.’
699 3101 796 3176 Temen:
814 3101 889 3149 etsie
900 3099 976 3173 codd.
1018 3097 1184 3160 {giriaci-«ll
1201 3099 1261 3150 Vct.
1275 3100 1306 3156 Q.
1319 3099 1354 3148 H.
1369 3101 1398 3150 C.

303 3161 1402 3290 tt?iifl,trittilttt‘i‘lffitililflrrillfttiiliiifiiri:

304 3295 384 3348 lutam
400 3292 474 3340 codd.
491 3290 621 3352 Piglriani,
640 3291 670 3342 Q.
688 3289 725 3337 H.
740 3292 767 3340 C.
783 3307 809 3353 p,
821 3291 905 3340 Nonae
919 3291 1130 3351 priusquumudd.
1141 3291 1164 3337 d.
1176 3291 1251 3338 edem
1261 3291 1342 3355 popuii
1352 3294 1401 3342 Re.

305 3355 369 3404 merui
377 3372 387 3413 ,-
410 3355 456 3402 sed
469 3368 532 3400 unus
544 3353 640 3401 Brund.
652 3353 747 3417 Ultraj.
760 3358 782 3401 l.
795 3361 823 3403 et
834 3353 1046 3403 beidi-babent
1056 3353 1195 3402 lectionem
1209 3362 1305 3407 textus.
1338 3357 1401 3407 Mox

303 3433 352 3486 pro
362 3419 503 3479 copulatum,
513 3417 580 3528 quod
591 3416 714 3466 exhibent
727 3417 800 3466 Harl.
813 3419 905 3481 Copes.
918 3416 990 3466 bein.
1001 3421 1025 3466 ⁸1.
1036 3418 1130 3480 Ultraj.
1140 3422 1164 3467 2.
1178 3427 1288 3484 uterque
1300 3422 1402 3472 Donec.

303 3489 332 3531 et
349 3479 447 3544 antiqui
464 3480 511 3528 cod
532 3512 538 3526 .
555 3481 698 3543 Theophili,
714 3481 840 3544 probante
858 3481 1000 3542 (ir-onorio,
1018 3481 1061 3530 alii
1079 3482 1249 3545 emplastum,
1260 3491 1290 3533 nt
1302 3485 1328 3534 in
1340 3484 1400 3536 edd.

302 3549 369 3594 vett.
403 3542 510 3606 Pighius
528 3550 611 3592 temen
622 3545 712 3592 maluit
723 3545 876 3606 implicatum.
882 3549 941 3594 -42
959 3545 1034 3596 Harl.
1047 3546 1132 3596 Bitur.
1143 3547 1222 3597 Barb.
1237 3553 1261 3597 l.
1273 3549 1400 3599 Leidaa.

302 3612 328 3658 6.
351 3613 379 3657 et
400 3608 494 3671 Copae.
522 3607 755 3670 insequentum-4³
779 3609 878 3659 Medio.
902 3616 1022 3673 uterque,
1039 3610 1222 3672 seneffia-bt
1248 3613 1290 3661 lta
1311 3626 1399 3661 omnes

302 3673 377 3788 εέῂπὶᾱ.
398 3680 426 3788 q't
441 3671 582 3786 lreqd.&ante
603 3670 732 3735 Pighium,
743 3672 786 3736 qui
803 3674 874 3736 legit,
886 3671 998 3733 ,inimum
1018 3688 1129 3739 eumque
1147 3676 1230 3726 secuti
1245 3676 1401 3728 sustenter.

345 3753 384 3802 ys.
424 3751 467 3800 ep
487 3771 493 3786 .
522 3750 555 3786 'c

796 3815 904 3868 NOTAE

335 3937 345 3962 ¹
361 3931 396 3980 Ei
413 3929 542 3996 pulverea]
566 3927 648 3977 ‘Cum
664 3924 835 3990 comperisset
873 3929 955 3978 menis
966 3931 991 3978 in
1003 3929 1247 3982 oculorincideret:
1268 3931 1311 3981 Its
1322 3931 1400 3980 Fron-

302 4003 459 4055 antnrnum
471 4009 591 4070 ingentes
603 4019 677 4054 suras
689 4019 763 4053 rnnne
775 4017 834 4066 pro·
874 4003 942 4052 tinus
954 4003 998 4052 lib.
1010 4017 1048 4052 ιι.
1060 4019 1119 4068 cap.
1132 4011 1156 4055 2.

301 4073 376 4136 flare,
391 4093 449 4142 quoe
462 4096 605 4142 arenarum,
620 4079 785 4142 pulverisque
797 4077 834 4124 in·
906 4075 921 4104 ⁸
932 4073 982 4123 An.
995 4077 1032 4125 M.
1044 4082 1116 4129 8888.
1133 4081 1178 4130 01.
1187 4083 1243 4130 lli.
1253 4083 1277 4132 1.
1293 4078 1357 4130 Uib·
1367 4081 1400 4133 C.

303 4158 394 4216 gentes
414 4157 526 4202 vortices
546 4162 662 4219 egerent,
680 4154 718 4202 sic
737 4152 835 4200 direxit
873 4153 928 4200 587.
946 4149 1134 4204 Annonam.

302 4226 393 4290 aciem,
411 4235 439 4276 ut
459 4233 513 4276 tcta
528 4229 566 4276 vir
579 4243 593 4274 a
606 4237 678 4290 tergo
698 4227 761 4288 ruis,
780 4226 832 4274 Ro·
