3230 5092
328 435 393 502 788
612 446 769 496 vunsuu
793 444 939 492 usxrur
964 445 1035 492 nrn.
1059 445 1141 492 vui.

284 583 287 588 ’
329 599 515 658 nostrorum
530 590 672 654 militurn
689 590 837 665 vicisset,
853 589 1032 670 imperator
1041 587 1229 669 [Romanus
1238 585 1265 666 ⁵]
1287 589 1417 653 vincere

329 693 442 755 hostes
457 710 522 753 non
537 683 732 773 potuisset*

371 794 404 856 2.
427 790 607 872 Spurinae⁶
634 809 764 872 quoque
789 789 825 852 iu
848 789 1083 853 consectandis
1106 789 1257 851 ‘Deorum
1284 788 1419 850 monitis

329 889 493 978 efficacior
518 890 662 952 scientia
689 890 858 974 apparuit,
881 909 983 970 quam
1009 889 1090 952 urbs
1115 887 1272 952 Romana
1293 888 1417 951 voluit:

280 1021 292 1030 α
329 989 530 1072 praedixerat
544 991 630 1053 enim
647 989 684 1053 G.
701 988 843 1064 Caesari,
860 993 917 1052 ‘ut
938 989 1120 1079 proximos
1131 988 1202 1050 dies
1218 1005 1303 1048 xxx.
1319 988 1419 1067 quasi

329 1089 451 1153 fatales
473 1088 623 1166 caveret:
646 1108 786 1171 quorum
808 1089 947 1151 ultimus
969 1094 1042 1152 eret
1066 1087 1148 1152 Idus
1173 1086 1320 1150 Martiae.
1365 1087 1417 1149 Eo

329 1198 429 1252 eum⁷
451 1189 535 1252 forte
556 1209 654 1253 mane
678 1197 818 1272 uterque
841 1189 876 1252 in
898 1188 1030 1252 domum
1052 1187 1183 1252 Caluini
1209 1185 1352 1249 Domitii
1375 1188 1419 1248 ad

329 1288 472 1352 officium
486 1291 701 1366 convenisset,
717 1289 834 1353 Caesar
847 1288 1012 1370 spuunae,
1027 1287 1179 1368 ‘Ecquid
1198 1285 1288 1361 seis‚'
1302 1287 1419 1368 inquit,

331 1388 440 1453 ‘Idus
470 1389 631 1454 Martias⁸
648 1392 718 1474 jam
748 1389 880 1454 venisse
890 1387 916 1450 i'
936 1398 972 1450 et
996 1389 1047 1464 is;
1070 1387 1226 1470 ‘Ecquid
1255 1387 1322 1451 scis
1344 1388 1420 1451 illas

329 1489 476 1552 nondum
503 1489 704 1570 praeteriisse
712 1489 738 1551 i'
759 1487 941 1570 Abjecerat
963 1489 1045 1552 alter
1070 1490 1233 1562 timorem,
1258 1494 1418 1568 tanquam

329 1595 453 1652 exacto
471 1594 619 1669 tempore
641 1595 821 1671 suspecto:
843 1588 923 1652 alter
943 1607 985 1650 ne
1000 1594 1183 1652 extremam
1197 1587 1330 1670 quidem
1344 1587 1418 1669 ejus

329 1693 459 1768 partam
475 1686 624 1768 periculo
639 1706 779 1751 vacuam
794 1706 870 1750 esse
890 1687 1072 1751 arbitratus
1093 1695 1167 1752 estu
1211 1686 1346 1750 Utinam
1361 1687 1419 1748 ba·

330 1787 496 1868 ruspieem
509 1788 622 1870 petius
637 1789 818 1870 augurium,
828 1805 927 1870 quam
940 1788 1057 1870 patriae
1072 1796 1244 1871 parentem
1258 1787 1419 1850 securitas

329 1886 516 1951 fefellisset.

777 2005 971 2054 uxunsus.

373 2119 403 2179 1.
427 2115 494 2180 Sed
505 2121 542 2180 nt
563 2116 767 2198 alienigena⁹
789 2125 985 2194 scrutemur,
999 2135 1076 2180 eum
1090 2117 1272 2180 obscurato
1288 2093 1420 2196 repente

331 2217 421 2278 sole*
441 2217 609 2280 inusitatis
623 2216 766 2298 perfusae
788 2218 935 2281 tenebris
950 2216 1094 2281 Athenae
1117 2213 1330 2278 solicitudine
1345 2231 1420 2294 age·

794 2381 973 2401 ‘m

330 2482 387 2545 traj.
406 2486 429 2531 l.
446 2479 547 2543 Sulpicii
559 2481 696 2532 Galba—5
713 2482 811 2531 ‘Uncis
820 2483 912 2531 inclusi
923 2484 1049 2540 Raram
1061 2483 1128 2547 qued
1141 2499 1156 2530 a
1167 2496 1258 2531 norem
1274 2482 1339 2530 Mas.
1348 2481 1420 2543 arog.

331 2555 357 2596 et
374 2547 435 2594 Vct.
452 2545 533 2600 alunt,
548 2553 576 2594 et
595 2545 728 2593 commode
746 2546 835 2593 uberae
854 2552 950 2608 pateat,
970 2555 997 2593 ut
1012 2545 1067 2608 jam
1084 2547 1224 2595 Turranius
1242 2545 1321 2593 uidit.'
1338 2545 1418 2606 Kupp.

329 2614 379 2658 -d
395 2609 488 2670 Ultraj.
509 2613 530 2657 Ι.
548 2612 572 2658 2.
591 2607 720 2669 Sumam,
735 2608 773 2656 ita
790 2617 819 2656 ut
836 2609 930 2672 Ultraj.
950 2609 1129 2658 detestantium
1147 2611 1254 2658 meratiu-
1287 2609 1348 2656 Mea
1372 2621 1419 2668 pro

330 2673 413 2732 aufuit,
424 2673 490 2734 qued
503 2671 626 2720 exhibent
637 2673 752 2734 plerique
763 2672 839 2720 codd.
856 2679 884 2720 et
900 2672 959 2720 edd.
976 2680 1040 2722 vett.
1058 2673 1165 2736 Pighius
1184 2674 1291 2722 dederat
1303 2672 1419 2731 auaisaet,

329 2746 359 2783 ut
370 2736 395 2783 in
407 2735 502 2797 Ultraj.
512 2738 537 2784 2.
549 2745 575 2783 et
587 2735 660 2796 Meg.
673 2735 774 2784 Deinde
784 2733 813 2782 ab
821 2735 883 2783 caira
894 2735 995 2784 addidit
1006 2735 1119 2798 Pighius,
1136 2744 1163 2784 et
1179 2737 1308 2799 reperitur
1318 2734 1380 2783 iilud
1392 2735 1419 2782 in

328 2798 480 2861 quibusdam
491 2799 611 2861 scriptia3
627 2799 686 2848 ideo
702 2799 830 2847 deleverit
845 2798 981 2862 suppia„
995 2800 1041 2848 aed
1059 2803 1133 2849 abest
1143 2815 1160 2848 a
1169 2804 1250 2848 annito
1261 2799 1376 2861 pluribus
1392 2805 1420 2846 et

331 2863 402 2925 Meg.
413 2877 443 2912 ac
455 2863 566 2911 ceteris:
584 2862 652 2924 qauaa'
662 2863 792 2911 emittitur
803 2863 828 2911 iu
839 2863 939 2912 duabus
951 2863 1082 2912 Paria—i
1103 2865 1135 2910 fit
1145 2877 1197 2910 caat
1213 2863 1326 2910 nonrurtli
1344 2861 1419 2910 eedd.

329 2941 386 2974 cum
398 2934 462 2975 vett.
474 2926 533 2974 edd.
567 2927 634 2986 firgo
643 2941 695 2974 auat
705 2925 807 2974 latas.
816 2933 844 2975 et
856 2926 986 2989 Ultraj.2.
1021 2929 1118 2974 Eaeura
1126 2925 1216 2986 reliqui
1227 2925 1419 2972 coduuorren.

331 2989 412 3038 Paulo
425 2997 551 3053 peet,aox
569 2989 647 3051 iuquit
662 2990 688 3037 iu
704 3004 750 3038 aex
766 2989 827 3038 edd.
846 2989 938 3052 Pighio
974 2990 1082 3036 rioribus
1100 2995 1242 3037 uenerint.
1277 2987 1419 3034 Turranius

329 3053 391 3101 nihil
402 3054 594 3102 annotavit—8
611 3053 701 3101 Martii
716 3053 743 3100 iu
757 3053 908 3116 quibusdam
921 3005 997 3102 cedd.
1029 3053 1127 3098 Martia
1141 3049 1199 3099 edd.
1217 3057 1281 3097 vett.
1316 3050 1419 3098 Deinde

328 3116 403 3166 codd.
414 3118 522 3166 Torreu.
540 3117 610 3164 rarle
626 3116 752 3166 exhibent
765 3117 856 3178 Ecquid
872 3117 926 3170 aeia.
944 3117 984 3163 rel
1004 3115 1037 3162 Et
1056 3115 1112 3176 quid
1129 3115 1183 3172 acia,
1201 3115 1240 3162 vel
1255 3113 1419 3168 (irrideris.-

328 3184 344 3227 li
359 3181 402 3228 Se.
414 3182 540 3242 exempta.
557 3181 617 3228 Due
629 3179 704 3227 codd.
715 3195 772 3227 curn
785 3179 831 3227 Μο
851 3213 857 3226 .
870 3185 897 3227 et
915 3178 974 3226 Vet.
991 3179 1144 3238 alienigenas,
1155 3191 1190 3226 se.
1202 3189 1303 3240 gentes,
1312 3187 1339 3225 ut
1352 3177 1418 3238 conj.

329 3243 399 3306 Gny.
432 3243 504 3291 Harl.
514 3243 599 3292 alima.
632 3243 696 3291 Mox
707 3243 778 3306 Lipa.
790 3256 817 3291 er
830 3195 947 3290 gerim.
959 3243 1059 3303 malint,
1071 3241 1218 3290 solicitudine
1235 3246 1417 3304 urgeamur.-

815 3359 923 3411 NOTAE

359 3463 374 3492 ⁴
387 3462 436 3511 An.
448 3463 486 3510 Μ.
497 3467 571 3512 8886.
588 3464 852 3515 ot.1aa.1.urb.c.
892 3467 1005 3515 excussit
1025 3467 1128 3544 iguerq3
1149 3474 1201 3516 tura
1221 3480 1309 3515 omnes
1330 3464 1417 3513 deruit

327 3536 586 3586 aaa.Ant.ct.1ar.
785 3575 786 3580 ,
892 3541 958 3591 baad
981 3542 1059 3591 aliter
1080 3543 1184 3592 nubium
1205 3542 1298 3591 attritu
1319 3538 1417 3587 fulrueu

361 3608 440 3664 thu.
452 3611 489 3659 M.
501 3615 573 3660 401⁰.
606 3612 650 3661 01.
659 3617 752 3664 thal.
786 3615 850 3665 Urb.
891 3617 987 3666 excuti.
1021 3617 1060 3665 Ex
1073 3617 1224 3679 Plutarcho,
1234 3617 1314 3666 ecrrlia
1325 3613 1417 3677 guber,

332 3687 362 3735 C.
372 3689 428 3735 aba.
444 3685 508 3734 Ant.
519 3685 567 3735 Cb.
578 3689 619 3734 tii.
891 3689 990 3740 ueteris
1006 3692 1103 3753 objecit
1122 3691 1292 3754 chlamydem,
1303 3696 1331 3739 et
1342 3704 1373 3738 ex
1385 3703 1416 3737 eo

358 3769 369 3795 ⁰
388 3761 518 3810 Obecaratu
533 3766 628 3825 reperte
648 3761 715 3826 Sale]
743 3765 803 3814 Non
815 3765 850 3814 A·
891 3765 1019 3829 quaesivit,
1037 3781 1097 3814 nuru
1118 3769 1179 3829 quid
1198 3767 1261 3814 illud
1279 3768 1416 3828 portende·

326 3836 410 3888 thanis
427 3843 481 3886 tum
502 3833 582 3885 faisse
597 3837 735 3901 Periclem,
757 3839 802 3889 aed
825 3841 850 3889 in
892 3840 949 3891 reti
967 3855 998 3889 ee
1008 3851 1119 3900 negante
1131 3841 1267 3903 quiequam
1282 3839 1417 3901 petendu

325 3913 418 3964 eastris
440 3913 586 3975 Froutinua,
604 3914 630 3962 iu
647 3915 728 3963 classe
747 3917 849 3965 Plutar·
891 3917 977 3966 ‘Quid
989 3916 1185 3978 autera,'inquit
1196 3915 1319 3974 Periclea,
1330 3912 1417 3960 ‘aritia

326 3989 387 4037 chus
400 3997 541 4048 memorat;
559 3989 717 4053 alteramque
734 3991 799 4038 atter
812 3990 850 4039 af·
890 3993 991 4053 mydern
1004 3991 1072 4037 inter
1083 3999 1111 4037 at
1128 3989 1190 4037 iliad
1201 3989 1268 4051 quod
1280 3988 1416 4049 caliginem

324 4061 519 4124 feriationem,
530 4063 765 4127 qrraadaedandunr
778 4065 850 4114 timo·
890 4066 997 4120 iuverit,
1008 4065 1126 4123 intereat,
1136 4063 1184 4110 niai
1200 4061 1269 4125 quud
1280 4061 1342 4111 illud
1355 4065 1417 4112 rnul-

326 4151 380 4185 ram
393 4152 451 4185 uana
469 4141 517 4186 ait:
535 4153 594 4186 narn
609 4153 642 4187 ex
655 4137 777 4187 Frontino
790 4141 849 4202 tapi-
891 4147 918 4189 to
930 4138 1064 4199 cirlaruyde
1076 4139 1156 4200 majus
1164 4137 1216 4186 sit!
1450 4129 1454 4138 '

326 4213 399 4260 dibus
418 4211 570 4260 inornatum
590 4220 731 4274 conspeetu
758 4213 850 4262 calliria
