3230 5110
317 439 395 486 car.
413 437 467 486 rs.
491 436 539 484 ns
564 434 704 484 uursr.
729 436 866 484 itosuis
892 437 969 485 sur
994 439 1190 490 rensuum.
1234 425 1300 492 608

210 593 402 667 prosperum
415 599 548 646 cursum
563 581 680 657 tenuit,
692 579 880 653 orontesf*
903 580 996 646 Darii
1009 583 1301 666 reprimeremus,

210 685 242 746 iu
258 683 492 747 excelsissimo
509 681 706 746 Micalenm's
720 677 862 746 montis¹
882 684 1004 748 vertice
1018 684 1110 748 cruci
1126 683 1243 750 affixit.
1270 687 1303 751 u

210 801 279 867 qua
291 791 403 867 potres
417 783 491 866 ejus
507 790 599 848 artus
625 788 658 846 et
671 783 787 847 tabido
809 803 929 848 cruore
952 786 1121 852 musantia
1142 789 1302 864 membra,

210 893 311 968 atque
325 886 415 950 illam
430 888 562 963 laevam,
576 887 632 950 cui
645 885 826 968 Neptunus
847 887 1006 951 annulum
1031 888 1214 970 piscatoris
1234 905 1304 952 ma·

209 985 290 1051 nu⁶⁵
326 987 528 1067 restituerat,
552 989 617 1052 situ
640 988 834 1067 marcidam,
858 987 981 1052 Samos
1005 1005 1121 1052 amara
1144 989 1304 1054 servituto

211 1089 404 1172 aliquandiu
416 1109 544 1173 pressa,
558 1090 673 1154 liberis
686 1109 727 1154 ao
741 1090 829 1154 lretis
841 1089 951 1153 oculis
962 1089 1109 1172 aspexit.

252 1192 285 1256 6.
307 1189 512 1276 Dionysiusj
543 1197 668 1266 autom,
691 1209 767 1254 cum
781 1190 985 1254 haereditatis
1000 1192 1134 1254 nornine
1160 1211 1182 1254 a
1209 1197 1305 1274 patre

212 1291 495 1375 Syracusanorum
514 1311 555 1358 ac
574 1307 673 1376 poene
700 1291 809 1356 totius
823 1291 950 1355 Siciliae
975 1273 1187 1374 tyroruridesr
1210 1311 1305 1357 acce*

211 1394 572 1476 pescenninum
587 1411 688 1475 opum
703 1391 869 1471 domiuus,
886 1394 1092 1458 exercituum
1103 1392 1184 1473 dux,
1198 1403 1307 1462 rector

213 1494 387 1573 classium,
419 1491 666 1578 equitatuum⁶⁶
701 1498 837 1576 potens,
850 1497 987 1577 propter
1008 1494 1161 1578 inopiam
1189 1496 1306 1560 literas

211 1597 370 1678 puerulos
385 1596 534 1661 Corinthi
549 1595 673 1661 docuit.
717 1595 910 1680 Eodemque
927 1601 1090 1679 tempore,
1118 1602 1212 1661 tauta
1234 1617 1307 1660 mu·

213 1697 338 1767 tatione
353 1699 496 1780 majores
517 1703 611 1774 natu,
632 1717 676 1761 ue
691 1697 767 1780 quis
781 1698 879 1760 nimis
895 1697 1039 1762 fortunae
1054 1697 1214 1772 erederet,
1237 1715 1307 1758 me-

214 1797 315 1878 gister
326 1797 398 1861 ludi
411 1798 524 1863 factus
539 1815 583 1862 ex
597 1803 748 1884 tyranno,
762 1797 900 1862 monuit

256 1899 289 1960 7.
312 1898 472 1981 Sequitur
485 1900 570 1964 hunc
586 1895 751 1982 Syphax*
771 1918 841 1976 rex,
866 1899 1072 1963 consimilem
1087 1898 1231 1963 fortuna
1246 1898 1308 1961 iria

214 1996 375 2075 quitatem
389 2007 570 2081 expertus:
593 2020 691 2084 quem
711 2001 858 2065 amicum
878 2001 955 2065 hinc
978 2000 1090 2065 Roma
1103 2021 1163 2083 per
1176 2001 1308 2081 Scipio-

213 2113 298 2176 nem,
321 2099 415 2165 illinc
442 2100 610 2184 Carthago
630 2121 692 2185 per
718 2103 967 2168 Hasdrubalem
992 2103 1079 2166 ultro
1102 2103 1242 2184 petitum
1265 2098 1308 2162 ad

213 2209 356 2282 penates
371 2201 468 2292 Deos
473 2203 500 2252 ⁶⁷
523 2203 599 2287 ejus
615 2213 764 2270 venerat
808 2203 962 2270 Ceterum
978 2222 1019 2266 eo
1036 2199 1196 2266 claritatis
1211 2220 1309 2265 evec-

216 2305 281 2376 tus,
295 2307 332 2366 ut
347 2304 630 2366 ualidissimorum
644 2307 843 2386 populorum
863 2309 991 2367 tautum
1013 2319 1080 2365 non
1105 2301 1226 2366 arbiter
1239 2304 1309 2367 vic·

215 2401 309 2466 toriae
320 2402 347 2440 ⁶⁸
369 2403 537 2480 existeret,
554 2405 650 2485 parri
664 2404 824 2488 temporis
832 2403 1008 2487 interjecta
1020 2423 1126 2480 mora,
1136 2409 1310 2469 oaoenatus

215 2518 236 2561 a
250 2499 356 2566 Laelio
371 2501 478 2586 legato
493 2504 535 2568 ad
560 2504 752 2588 Scipionem
773 2508 1007 2591 imperatorem
1032 2513 1308 2590 pertractasset.
1373 2560 1381 2566 .

216 2599 387 2688 Cujusque
417 2605 592 2674 dexteram
618 2611 709 2693 regio
733 2611 881 2674 insidens
903 2609 992 2673 solio
1019 2608 1186 2690 arroganti
1209 2625 1310 2672 mano

673 2783 774 2804 0000000
778 2785 851 2805 00000

216 2889 289 2940 Leld.
300 2895 324 2939 ⁵.
352 2903 468 2939 memsam
479 2906 527 2953 pro
543 2899 746 2964 smmum-es
761 2897 806 2946 lta
820 2904 922 2948 veteres
933 2897 1003 2960 typis
1021 2898 1147 2960 expressi,
1162 2905 1189 2946 et
1201 2904 1311 2962 uterque

217 2955 313 3004 Brsud.
349 2953 431 3018 lglrius
444 2967 476 3001 ex
488 2967 538 3002 uuo
547 2952 613 3001 lrbro
624 2954 771 3002 Cauchlsno
783 2961 880 3006 mavult
892 2963 930 3008 stc
940 2963 1045 3021 legere;
1063 2961 1110 3010 Sed
1122 2961 1312 3021 tumselisitctis

216 3031 305 3081 uesper
322 3019 399 3082 plenis
417 3017 476 3066 cells
494 3029 631 3080 prosperam
650 3029 743 3064 camos
763 3021 841 3064 team
858 3033 905 3064 son
921 3024 1008 3078 psalt.
1044 3025 1240 3084 comprehensam
1250 3025 1313 3073 enim

220 3086 329 3132 Oroates.
363 3083 428 3131 Cum
440 3081 536 3130 Brund.
548 3090 576 3131 et
587 3079 649 3130 edd.
667 3086 733 3129 vett.
743 3080 911 3130 consentiunt
923 3091 1010 3128 omues
1024 3085 1099 3129 codd.
1109 3085 1216 3133 Torreo.
1249 3087 1312 3134 Mox

217 3147 292 3195 Harl.
309 3146 453 3207 Megalensis
468 3147 571 3204 mostis3
589 3146 696 3195 Venett.
713 3145 913 3210 Mycalesia-tlt
931 3143 1028 3193 Medic.
1048 3147 1071 3192 2.
1087 3145 1173 3194 delet:
1189 3147 1314 3210 piscatoris

218 3215 364 3260 mona-dd
381 3210 423 3260 Ita
435 3211 541 3272 Pighius
552 3225 585 3259 ex
598 3210 675 3260 codd.
689 3210 776 3274 ltaque
789 3208 886 3258 Brsnd.
896 3213 919 3258 l.
928 3213 952 3258 2.
961 3215 987 3258 et
998 3223 1085 3258 omnes
1095 3207 1152 3259 sere
1163 3210 1313 3262 Torreniani

219 3282 248 3323 et
260 3274 319 3323 edd.
332 3280 396 3324 retr.
406 3275 514 3338 qsttsts
526 3274 597 3324 laid.
609 3273 723 3324 s.A1dd.
734 3274 816 3324 Colin.
827 3273 928 3338 Gryph-
940 3281 968 3322 et
977 3273 1066 3338 Steplr.
1078 3274 1206 3337 ιᾳιάιαίιεηι
1218 3276 1312 3326 Vener.

220 3341 308 3386 4.-67
325 3339 487 3402 Ejiciendum
498 3338 526 3386 rt
537 3339 601 3388 Deos
610 3345 687 3400 putat
699 3337 819 3388 Perisorr.
836 3345 864 3388 et
879 3337 955 3388 deest
971 3338 996 3385 iu
1009 3339 1105 3388 Medic.
1119 3342 1242 3388 1.a.—o8
1257 3340 1314 3390 ‘Ita

219 3402 286 3450 bene
298 3403 366 3451 hisne
374 3404 458 3452 locum
470 3417 502 3452 ex
512 3404 603 3465 camp.
615 3401 730 3452 restituit
741 3403 859 3464 Pighius.
888 3401 995 3451 Habent
1004 3403 1151 3467 itsqnoqne
1161 3417 1204 3452 un.
1213 3404 1312 3453 Brund.

221 3466 285 3515 Vet.
295 3467 366 3530 Meg.
378 3476 405 3516 et
417 3467 497 3515 Mart.
511 3466 621 3528 Herbip.
638 3465 692 3516 Alli
702 3467 742 3514 sel
751 3470 844 3516 testam
851 3481 896 3515 sos
905 3466 1039 3527 omittunt,
1046 3469 1086 3516 val
1098 3466 1194 3516 habeut
1203 3483 1250 3516 sors
1259 3475 1312 3516 torr-

220 3535 271 3580 tros
278 3531 424 3595 orbitam
435 3537 458 3580 et
469 3533 545 3580 victor
555 3531 660 3580 sutorio
668 3529 787 3594 (deindo
797 3531 899 3594 quidam
909 3531 998 3581 delent
1005 3529 1027 3594 ς)
1038 3531 1108 3595 lips.
1120 3531 1248 3581 Thauer'i:
1266 3548 1313 3581 soa

712 3673 821 3726 NOTAE

253 3789 415 3839 ¹Mr'eolessis
426 3787 523 3850 mstis]
550 3786 747 3836 lnAsismiuo-
788 3795 873 3842 antes.

224 3865 245 3914 ri
257 3880 271 3915 e
283 3865 387 3928 regione
398 3863 466 3913 Sami
477 3863 576 3913 iusnlae.
818 3862 830 3896 ¹
846 3865 957 3929 Syphax]
975 3866 1045 3928 Lege
1058 3863 1103 3914 lib.
1116 3878 1144 3913 v.
1156 3878 1215 3927 esp.
1229 3869 1251 3913 1.
1269 3864 1313 3914 ubi

253 3939 262 3983 i
279 3938 423 4003 Dionysias]
447 3938 548 4001 Junlor,
559 3939 597 3987 bis
609 3938 651 3987 ille
661 3939 748 4002 pulsus
786 3940 843 3988 hac
855 3941 1024 4004 explicuimus
1032 3960 1040 4001 ;
1058 3940 1097 3989 bis
1115 3940 1157 3989 ille
1170 3939 1253 3989 rictus
1265 3948 1313 4000 est,

223 4021 376 4086 Syracusis:
389 4015 748 4074 semelaDicneinItsllam3
788 4015 898 4077 primum
915 4029 929 4064 s
949 4015 1078 4080 Scipione,
1094 4015 1186 4066 deinde
1202 4030 1217 4064 s
1233 4017 1313 4067 Laelio

223 4102 317 4149 iterum
329 4113 345 4146 s
355 4096 517 4145 Timoleonte
533 4093 694 4150 Corinthum,
704 4090 748 4139 ubi
788 4098 817 4138 et
833 4090 979 4154 Masinissa,
996 4105 1013 4139 s
1024 4090 1114 4155 qulbus
1125 4091 1203 4142 etism
1220 4099 1312 4158 captus
1342 4141 1349 4156 ,

225 4189 318 4238 pueros
339 4173 427 4222 literas
448 4170 545 4220 docuit.
579 4168 631 4218 Sed
654 4167 688 4215 de
710 4167 749 4214 his
788 4173 838 4214 est.
