3180 5120
482 1075 973 1166 FRAGMENTUM

313 1298 515 1427 urnn'r
571 1350 661 1427 nu
716 1350 1132 1428 nomrnrnos

389 1592 454 1644 obl
470 1593 512 1644 IN
529 1592 746 1646 QUIBUSDAM
768 1593 879 1644 comt.
899 1594 1062 1644 TITULUM

488 1830 668 1906 LIBRI
718 1829 957 1905 DECIMI

635 2091 824 2139 enmrnnr.

149 2567 154 2574 '
277 2549 318 2614 C.
348 2549 449 2615 ΤΙΤΙ
481 2547 633 2614 PROBI
666 2547 722 2614 IN
755 2546 1009 2612 EPITOMEN
1042 2545 1176 2611 SUAM

596 2662 867 2728 PRAEFATIO.

183 2780 377 2868 Dnorrlus
398 2795 501 2886 hujus
525 2804 636 2884 operis
655 2807 753 2885 liber,
774 2805 833 2891 qui
858 2811 891 2871 et
913 2807 1050 2872 ultimus
1073 2813 1137 2885 est,
1151 2805 1207 2870 vel
1229 2824 1275 2870 ex

180 2904 383 2990 negligentia
397 2909 456 2970 aut
478 2903 714 2970 malevolentia
727 2908 937 2972 librariorum
952 2908 1104 2991 deperiit.
1145 2905 1275 2971 Abbre-

181 3012 290 3075 viator
304 3006 421 3072 titulos
441 3005 512 3090 ejus
533 3003 678 3071 habebat
690 3009 813 3090 integre
825 3006 1001 3072 fortassis:
1023 3004 1192 3070 tumendo
1207 3025 1274 3071 uno

183 3117 324 3185 tanturn,
338 3109 402 3171 hoo
417 3113 479 3187 est,
495 3107 536 3172 de
550 3110 767 3191 praenomine,
782 3109 933 3193 epitoma
946 3106 1215 3191 repraesentabat.

523 3300 642 3368 ALIA
665 3301 937 3370 PRAEFATIO.

228 3451 404 3516 bromus
419 3457 520 3534 atque
535 3448 673 3515 ultimus
687 3448 788 3533 hujus
801 3448 915 3532 operis
933 3448 1019 3512 liber
1033 3465 1094 3512 seu
1110 3444 1277 3512 studioso·

182 3573 255 3619 rum
270 3553 402 3631 inertia,
418 3571 477 3616 seu
499 3553 698 3634 scriptorum
720 3553 875 3634 segnitia,
899 3569 957 3616 seu
972 3550 1040 3616 alio
1054 3551 1179 3635 quovis
1194 3567 1278 3614 oasa

183 3657 275 3720 aetati
288 3661 413 3719 nostrae
427 3651 581 3739 perditus
595 3658 658 3717 est.
700 3651 827 3718 Verum
850 3654 964 3722 Julius
989 3653 1087 3719 Paris
1103 3653 1279 3718 abbrevia·

185 3763 236 3818 tor
249 3755 381 3821 Valerii
396 3759 474 3839 post
484 3771 605 3819 novem
617 3754 723 3819 libros
734 3756 929 3838 explicitos,
937 3757 1025 3820 huno
1040 3753 1203 3817 decimum
1214 3751 1277 3814 sub

184 3856 271 3922 inira
285 3859 411 3940 scripto
425 3853 624 3939 compendio
639 3857 838 3940 complexus
852 3862 926 3937 est;
942 3873 1002 3938 per
1014 3850 1107 3935 quod
1120 3849 1162 3912 (le
1172 3847 1279 3912 nomi·

182 3959 292 4038 uibus,
307 3957 580 4041 praenominibus,
595 3958 863 4040 cognominibus,
874 3961 973 4040 atque
981 3951 1214 4034 agnominibus
1227 3948 1280 4013 iu-

184 4061 251 4124 isse
265 4060 408 4125 eundem
424 4058 595 4125 aValerio
605 4059 830 4142 compositum
845 4053 1025 4139 conjectari
1040 4052 1131 4116 lieet.
1161 4049 1280 4116 Verba

186 4161 325 4247 quidem
336 4161 358 4226 J
360 4162 421 4227 ulii
434 4160 569 4228 Paridis
584 4160 658 4226 baeo
671 4166 760 4224 sunt.
803 4157 906 4223 Liber
920 4155 1081 4220 Decimus
1092 4153 1135 4218 de
1149 4173 1281 4240 proeno-

184 4263 339 4340 minibus,
352 4268 388 4326 et
401 4262 578 4328 similibus.
