3080 5106
349 373 415 438 oto
655 387 807 435 ununnrr
833 385 975 434 unsrun
1004 387 1073 434 nin.
1097 387 1129 430 v.

351 533 496 617 posuit·
538 531 626 614 Ergo
640 529 853 594 humanitatis
867 529 1009 594 dulcedo
1024 531 1123 593 etiem
1136 530 1167 592 in
1182 528 1352 594 edmetn⁹¹
1368 531 1443 594 bar-

350 636 506 701 barorum
535 634 667 717 ingenia
695 639 859 715 penetret,
889 640 1067 714 torvosque
1098 637 1133 695 et
1162 639 1272 696 truces
1297 631 1443 697 hostiurn

350 737 457 802 mollit
478 737 604 812 oculos,
625 754 667 798 ec
686 734 845 798 victoriee·
861 733 1138 799 insolentissimos
1163 734 1302 815 spiritus
1328 734 1442 798 flectit.

353 837 427 904 Nec
443 838 489 902 illi
503 837 640 902 arduum
664 855 706 901 ec
720 833 854 899 difficile
878 840 970 910 est,⁹²
991 835 1075 898 inter
1092 853 1182 898 orme
1202 837 1381 912 contrarie,
1396 837 1443 900 in-

351 946 400 1004 ter
428 939 598 1004 districtos
627 937 782 1002 cominus
809 954 982 999 mucrones
1009 936 1179 1017 placidum
1205 938 1269 1001 iter
1289 939 1442 1020 reperire.

350 1039 466 1106 Vincit
476 1041 572 1116 irum,
586 1040 766 1121 prosternit
781 1037 904 1114 odium,
919 1038 1141 1121 hostilemque
1161 1038 1356 1118 sanguinem
1368 1039 1442 1102 bos·

351 1143 469 1207 tilibos
496 1141 651 1223 lacrymis
677 1141 804 1204 miscet.
850 1139 939 1217 Quen
970 1141 1071 1203 etiem
1095 1139 1322 1204 admirabilem
1349 1140 1444 1204 Hen-

350 1241 506 1308 nibnlis⁹³
525 1259 639 1305 vocem
659 1261 718 1325 pro
741 1239 912 1304 funeribus
927 1238 1154 1304 Romanorum
1172 1241 1294 1305 docum
1309 1243 1444 1307 arbitria

353 1344 531 1409 statuentis
559 1342 751 1426 expressit*
794 1341 945 1420 Ωιιιιῐιι94
972 1341 1146 1424 eliquanto
1170 1343 1201 1405 ei
1225 1343 1301 1426 plus
1330 1343 1442 1424 gloria:

354 1446 496 1520 Paulus,
522 1444 707 1522 Gracchus,
731 1450 767 1508 et
793 1442 974 1508 Marcellus
1003 1443 1137 1526 sepulti,
1161 1463 1262 1527 quom
1290 1445 1444 1528 oppressi

352 1547 541 1612 attulerunt.
584 1546 755 1630 Siquidem
780 1547 857 1609 illos
880 1544 1010 1609 Punico
1034 1553 1110 1610 estu
1127 1546 1269 1631 decepit,
1290 1546 1443 1612 Romane

351 1648 608 1714 mansuetudine
622 1648 807 1711 bonoravit.
851 1645 925 1708 Vos
944 1665 1092 1728 quoque,
1105 1646 1210 1712 sortes
1232 1667 1272 1712 sc
1289 1651 1357 1731 pise
1373 1669 1443 1714 nm·

351 1753 433 1828 brse,
459 1770 525 1814 non
556 1748 769 1832 poenitendae
794 1747 921 1812 sortitos
930 1755 957 1798 ⁹⁵
988 1749 1074 1811 estis
1097 1750 1278 1834 exequias:
1306 1769 1384 1816 nem
1409 1759 1446 1816 ut

350 1853 534 1936 optabilius
549 1852 582 1914 in
597 1851 718 1933 patrie,
730 1851 777 1914 ite
791 1849 983 1933 speciosius
997 1870 1058 1933 pro
1074 1852 1184 1934 petria
1201 1851 1373 1936 collepsse,
1387 1873 1445 1916 su-

351 1956 455 2037 premi
471 1953 573 2020 officii
588 1954 691 2018 decus
705 1937 901 2018 infelicitate
920 1953 1094 2032 emissum,
1109 1953 1229 2018 virtute
1250 1972 1444 2039 recuperas-

354 2057 420 2122 tis!

385 2231 397 2266 Ι
411 2231 470 2285 Qsoe
480 2231 552 2278 sess
562 2232 676 2294 aprus:
688 2245 762 2280 mecm
770 2232 926 2281 mabuinus
935 2234 1033 2295 dignas:
1043 2247 1073 2282 ss
1082 2231 1227 2292 Hannibale,
1236 2232 1278 2296 qui
1287 2245 1331 2296 pro
1346 2232 1444 2290 «rbitris

351 2301 454 2344 statum
463 2299 553 2356 poterat
563 2297 592 2343 de
599 2297 718 2357 upsltsrs
725 2298 809 2344 duam
823 2297 986 2345 Βοηιιιιπιιιιι.

384 2356 392 2390 ⁸
404 2357 537 2420 optabilius
546 2359 638 2420 quidm
643 2359 732 2420 jutisset
743 2360 768 2408 is
777 2361 858 2422 patria
868 2361 936 2421 sssri,
944 2361 1069 2422 gloriosiss
1079 2367 1157 2410 tusses
1169 2375 1212 2424 piu
1222 2362 1303 2422 patris
1312 2361 1389 2411 secati
1399 2361 1444 2410 sir·

351 2428 402 2474 tsts
410 2423 565 2488 :aspersistis
572 2437 704 2487 sumanus
715 2425 867 2487 exequiarum
875 2424 983 2474 haaren
993 2425 1133 2485 infelicitate
1138 2426 1258 2476 amm.

349 2665 399 2716 nus
415 2665 550 2728 impositus
566 2675 595 2717 et
612 2667 777 2718 combustum!
800 2669 946 2732 napa-et
965 2667 1063 2717 Medic.
1075 2672 1099 2717 i.
1116 2663 1250 2732 effracta:
1267 2666 1339 2718 laeid.
1351 2670 1377 2716 l.
1397 2682 1443 2729 pro

351 2747 375 2779 v.
389 2733 405 2781 l.
418 2729 510 2795 spina:
526 2733 585 2781 Vet.
592 2733 683 2793 serato.
711 2735 774 2782 Mox
787 2747 833 2796 pro
844 2732 1051 2796 :mequod
1063 2732 1186 2780 exhibent
1194 2731 1291 2781 Csncb.
1303 2740 1330 2780 et
1341 2731 1413 2780 laeid.
1424 2737 1443 2780 1.

351 2794 552 2846 attrectassent
564 2798 624 2847 Vet.
640 2798 709 2860 llog.
727 2797 834 2846 Veneti.
853 2797 960 2846 Mediol-
978 2796 1055 2846 Aldd.
1074 2803 1224 2860 ceteraeque
1243 2804 1304 2845 ente
1326 2795 1443 2852 Piglsisnn

350 2857 468 2922 alesque.
485 2861 580 2910 ‘Error
590 2869 661 2911 ortus
674 2860 731 2918 est?
755 2861 838 2927 iuquit
851 2862 937 2925 Kepp.
954 2863 1004 2908 ‘ex
1023 2860 1291 2925 pronuntiationem?
1309 2858 1446 2923 tomosque!

354 2923 574 2989 Haudquaquam:
593 2933 664 2975 ortus
676 2935 715 2976 est
728 2941 800 2975 error
811 2941 844 2974 ss
856 2925 1025 2976 similitudine
1037 2940 1051 2973 o
1062 2931 1090 2973 et
1101 2925 1123 2986 b,
1139 2931 1168 2974 et
1183 2923 1249 2989 quod
1265 2928 1276 2971 t
1293 2921 1444 2986 absorptum

349 2996 407 3036 eret
420 2989 444 3036 in
458 2989 617 3052 precedenti
628 2996 745 3053 penetrat.
779 2991 869 3041 Codex
881 2990 1010 3040 Perizouii
1022 2989 1119 3039 bsbet:
1134 2989 1245 3052 orbusque
1254 2992 1331 3036 truces
1341 2987 1443 3036 iastisn

348 3051 414 3100 molit
425 3053 589 3103 enimse-ns
602 3053 640 3102 lts
654 3055 713 3104 Vct.
726 3055 797 3116 Meg.
810 3056 919 3104 Veneti.
932 3054 1041 3102 blediol.
1054 3053 1234 3103 atticenus:
1246 3049 1445 3102 coddTorren.

281 3138 292 3160 ι
350 3115 401 3165 Nec
419 3117 456 3164 itti
472 3119 571 3167 arduam
589 3119 736 3184 astdifflcite
747 3120 818 3168 estin
833 3119 890 3168 sliis
903 3118 962 3167 edd.
975 3125 1037 3166 ente
1049 3118 1180 3182 Pighium,
1191 3117 1234 3181 qui
1246 3115 1373 3166 dederet:
1393 3117 1445 3165 Nec

349 3181 385 3228 ilii
396 3181 491 3246 difficile
501 3187 524 3231 et
535 3183 635 3232 ordssss
646 3187 754 3231 est—9³
772 3181 816 3231 lte
828 3183 941 3231 restituit
960 3181 1086 3244 Pighius:
1105 3182 1165 3232 edd.
1186 3189 1251 3229 vett.
1270 3195 1328 3231 cnm
1344 3188 1445 3243 septem

348 3245 426 3293 codd.
437 3244 543 3295 Torren.
564 3249 644 3309 Atque
655 3245 727 3295 dmm
745 3245 891 3294 Hannibalis
904 3246 1065 3294 admirabilem
1073 3263 1084 3305 ,·
1104 3255 1156 3296 tres
1174 3247 1232 3294 sili:
1249 3246 1328 3309 Atque
1343 3246 1446 3294 adscire·

347 3308 424 3374 ὁξὶεηι.
461 3309 522 3357 Mox
535 3311 612 3359 verbs
623 3312 708 3360 tussa
716 3309 817 3358 atera
828 3311 954 3362 adustis
965 3308 1058 3358 desunt
1075 3312 1102 3359 in
1116 3309 1189 3360 Leto.
1200 3313 1291 3359 u-ss
1307 3309 1349 3358 lta
1366 3311 1444 3358 etism

349 3373 428 3421 tacite
441 3369 557 3436 Pighius,
568 3376 635 3422 sicut
648 3373 699 3424 duo
711 3374 853 3437 superiors,
863 3374 980 3435 metuit,
992 3389 1048 3423 cnm
1062 3383 1122 3424 suto
1135 3374 1270 3424 ederetur:
1290 3373 1365 3436 Quia,
1376 3374 1444 3437 qnod

346 3437 444 3486 liabent
453 3437 578 3486 tredecim
590 3439 666 3488 codd.
678 3441 785 3488 Torren.
808 3439 887 3495 Quare
900 3445 985 3487 tsmen
997 3446 1069 3490 estat
1090 3439 1115 3487 iu
1137 3441 1231 3504 Copes.
1250 3438 1299 3494 Qui
1318 3439 1443 3488 Vct-9⁵

344 3501 433 3550 ‘Octo
451 3497 528 3550 codd.
547 3499 652 3551 Torren.
669 3504 753 3552 sortiti
770 3518 827 3552 curn
845 3503 962 3551 omnibus
982 3503 1059 3552 editt.
1081 3511 1178 3566 praeter
1194 3502 1301 3552 Ascuris.
1322 3502 1405 3564 bugd.
1418 3511 1444 3552 et

349 3562 443 3627 Piguit,
460 3579 516 3629 qnoe
527 3563 623 3613 beben:
635 3568 737 3616 metita.
760 3567 818 3614 Duo
830 3567 893 3614 Mes.
898 3567 994 3628 sortiti,
1011 3568 1103 3616 vitiose
1115 3583 1161 3630 pro
1172 3568 1262 3617 wrtiti.
1295 3565 1382 3615 Sortiti
1393 3581 1444 3614 nors

348 3626 468 3689 displicet
478 3627 696 3680 Drakenborcbio
709 3631 742 3679 sd
758 3631 804 3678 stt.
819 3645 846 3679 ι.
859 3635 916 3681 807.
934 3645 981 3679 nec
993 3632 1121 3694 improbet
1130 3633 1280 3682 l'orrenins.
1313 3631 1351 3679 At
1362 3631 1384 3678 si
1395 3645 1445 3678 ssa·

346 3693 390 3740 titi
405 3699 547 3758 tenesmos,
565 3693 702 3757 legendum
721 3707 823 3758 quoque
841 3709 899 3744 mox
923 3695 1026 3744 videtur
1045 3697 1158 3761 sodapa'f
1179 3696 1223 3746 ubi
1244 3696 1305 3745 Vet.
1325 3693 1447 3758 nuspa:

347 3756 435 3822 burn·

842 3855 947 3907 uerte

347 3965 406 4016 bum
427 3969 512 4019 emisit
531 3971 708 4036 arrogantium
726 3972 872 4036 sunntoqne
914 3971 974 4020 vide
983 3971 1027 4022 lib.
1037 3986 1056 4021 1.
1069 3986 1092 4021 c.
1100 3976 1126 4022 6.
1140 3986 1165 4021 u.
1175 3976 1200 4026 ⁹·
1224 3947 1232 3962 ¹
1272 3971 1289 4001 ⁶

348 4041 442 4104 sblsto,
469 4059 562 4111 corpus
590 4046 726 4112 magnifice
755 4057 873 4096 ornatum
945 4044 1445 4100 *nemmem01.1s².1.tlrb.c.

242 4179 243 4184 ¹
347 4119 457 4165 cremori
471 4119 559 4182 ιἱιιιιίι.
598 4121 637 4174 De
659 4120 777 4175 Marcelli
801 4123 872 4174 caede
914 4123 1170 4180 ssr.nnt.cti.211.
