3180 5120
514 471 597 522 ear.
613 471 663 522 vr.
689 473 736 522 uu
760 472 951 526 runrrurl.
1213 463 1279 531 859

189 633 254 696 que
282 615 470 680 rescindere
492 616 613 693 voluit,
638 634 682 679 ne
710 619 869 682 remissus
895 619 930 682 iu
955 618 1099 700 patriam
1128 621 1276 686 Bituitus

188 714 312 778 bellum
324 722 509 782 renovaret.
553 715 659 797 Igitur
673 735 748 782 eum
764 715 886 782 Albam
899 719 1064 784 custodire
1075 739 1180 785 eausa
1193 723 1275 787 rele-

187 814 293 894 gavit.

229 917 261 979 4.
284 912 428 979 Viriathi
435 915 540 982 ‚etiam
555 913 668 979 eredes
682 915 848 998 duplicem
861 918 1010 1001 perfidiae
1025 922 1276 988 accusationem

186 1017 332 1101 recepit:
355 1017 392 1078 iu
406 1011 551 1092 amicis,‘
569 1015 659 1098 quod
674 1035 787 1080 eorum
808 1019 963 1083 manibus
987 1020 1178 1088 interemtus
1203 1033 1276 1090 est:

186 1116 221 1180 iu
238 1117 281 1195 Q.
296 1116 439 1181 Servilio
454 1115 612 1200 Caepione
627 1115 778 1194 consule,
789 1118 872 1198 quia
886 1118 917 1181 is
929 1120 1069 1184 sceleris
1079 1121 1180 1205 hujus
1195 1142 1276 1188 auc-

186 1221 250 1295 tor,
269 1217 468 1298 impunitate
488 1216 668 1298 promissa,
689 1216 772 1281 luit:
794 1218 1038 1302 victoriamque
1058 1240 1126 1286 non
1146 1226 1276 1303 meruit,

187 1317 364 1382 sedauit·

635 1465 830 1516 Exsultat.

228 1584 259 1647 1.
282 1582 408 1648 Verum
421 1589 459 1646 ut
473 1583 584 1664 ipsum
598 1583 718 1647 sontem
733 1585 885 1668 perfidiae
907 1587 1178 1673 contemplemur,
1194 1587 1276 1657 Gar-

185 1684 406 1763 thagiuienses
436 1673 652 1767 Xantippum
678 1681 979 1766 Lacedaemonium,
1017 1690 1114 1772 cujus
1149 1691 1275 1771 optima

185 1802 290 1864 opera
302 1786 409 1866 primo
425 1785 554 1848 Punico
568 1786 658 1850 bello
673 1786 727 1850 usi
743 1787 885 1864 fueraut,
900 1794 933 1851 et
947 1808 1014 1871 quo
1024 1789 1163 1870 juvante
1177 1783 1276 1853 Atili·

184 1902 240 1946 um
257 1883 424 1965 Regulum
438 1894 605 1968 ceperant,
618 1888 811 1952 simulantes
823 1907 897 1951 sese
910 1888 1044 1951 domum
1058 1887 1228 1964 revehere,
1242 1890 1276 1952 in

185 1983 277 2049 alto⁶
297 1984 526 2052 merserunt·
570 1986 664 2066 Quid
688 1995 780 2054 tauto
803 1988 951 2054 facinore
970 1989 1145 2070 petentest
1168 2006 1210 2051 an
1230 2008 1274 2054 ue

185 2083 338 2150 victoriae
356 2105 470 2150 eorum
484 2087 598 2152 socius
612 2091 824 2169 superesseti
868 2088 973 2151 Extat
993 2088 1217 2166 nibilominus,
1241 2098 1276 2154 et

185 2183 320 2265 quidem
336 2205 410 2250 oum
425 2178 556 2252 illorum
571 2189 771 2270 opprobri03
793 2208 892 2271 quem
909 2190 980 2252 sine
998 2189 1066 2253 ulla
1079 2189 1192 2270 gloriae
1200 2186 1275 2271 jac·

186 2287 261 2347 tura
276 2284 473 2351 inviolatum
487 2288 708 2371 reliquissent

225 2383 258 2450 2.
281 2386 454 2453 Hannibal
479 2407 578 2472 porro
603 2387 806 2465 Nucerinos,
822 2388 959 2453 hortatu
975 2384 1054 2452 suo¹
1074 2407 1153 2452 cnm
1166 2389 1273 2454 binis⁷

183 2487 393 2553 vestimentis
408 2489 525 2553 urbem
547 2488 862 2571 inexpugnabilibus
884 2489 986 2554 muris
1007 2489 1150 2554 cinctam
1164 2508 1274 2572 egres-

639 2649 817 2672 “Momm

182 2748 251 2781 num
260 2740 285 2781 et
294 2734 327 2782 Δ.
335 2741 487 2796 gentem—6
499 2738 589 2787 Atreb.
598 2743 700 2792 Wiuelr.
711 2749 739 2792 et
750 2743 823 2792 Leid.
833 2746 858 2792 l.
874 2743 900 2792 ἐπ
909 2743 1035 2792 ultorum.
1055 2741 1179 2792 Nonnulli
1195 2743 1273 2793 codd.

183 2795 289 2846 Torreu.
305 2798 331 2845 in
341 2799 415 2846 uttam
421 2813 430 2855 ,·
447 2798 494 2845 aed
511 2799 587 2848 tidem
603 2802 659 2852 sere
677 2806 789 2854 aberunt
805 2807 911 2864 habent
922 2805 1060 2856 manifesto
1071 2819 1166 2856 errore.
1200 2806 1274 2856 Unus

184 2859 287 2912 Donec.
303 2862 396 2910 domam
405 2860 496 2920 referre
511 2861 537 2909 in
553 2863 657 2912 elta-⁷
674 2866 778 2928 Ltpriaa
789 2869 858 2931 conj.
867 2871 961 2931 primu
980 2870 1099 2920 Perirou.
1115 2871 1178 2921 sair.
1210 2871 1276 2922 Mox

678 3006 785 3057 NOTAE

217 3127 367 3192 Unam]
390 3129 423 3180 0.
441 3127 563 3178 Servilius
581 3128 670 3191 capto
682 3126 709 3178 iu
750 3127 812 3177 slus.
845 3125 909 3175 Cum
927 3125 999 3177 navis
1015 3127 1132 3176 rimarum
1149 3129 1226 3190 plena
1238 3129 1276 3181 illl

185 3205 285 3254 duobus
305 3204 440 3266 peccarim
464 3202 533 3268 quod
551 3210 579 3253 et
596 3219 711 3268 pacem·
750 3203 813 3252 data
829 3207 906 3263 esset,
923 3200 998 3252 aliam
1014 3201 1174 3264 conscendit,
1183 3205 1276 3255 evasit·

185 3279 263 3329 intre
276 3278 356 3328 Fabio
367 3278 507 3328 serviliano
525 3278 620 3329 laetam
631 3279 710 3329 riola·
738 3273 959 3344 'qdeineolumia3
984 3278 1022 3328 aie
1037 3275 1178 3341 Appianus.
1209 3280 1276 3331 Vec-

185 3354 233 3418 rit,
245 3361 272 3404 et
281 3353 423 3417 Audacem,
430 3355 543 3418 aliosque
551 3354 641 3417 dacer,
648 3368 711 3419 quor
750 3362 821 3404 tores
834 3353 900 3417 jurei
919 3359 979 3402 eunt
992 3352 1019 3401 iu
1034 3353 1137 3402 deserta
1155 3353 1236 3404 imula
1246 3354 1276 3406 ll·

185 3429 299 3480 Viristur
312 3428 344 3477 ad
365 3429 448 3491 iprum
467 3427 607 3478 identidem
624 3429 710 3479 mitte·
750 3427 1144 3491 lurnexpouere31tazouarae=
1161 3430 1276 3480 nonnulli

184 3504 240 3568 bat,
251 3505 384 3568 eorrupit:
408 3503 442 3552 ab
456 3503 488 3552 iir
506 3504 575 3552 euim
595 3502 711 3553 Viriatus
751 3504 910 3554 submersum
921 3501 1019 3550 volunt.

184 3579 578 3645 noctueopituscouforrueest.
779 3577 932 3628 ’Nucerinos
942 3574 1100 3638 breuem]
1128 3576 1169 3627 De
1188 3579 1275 3631 Nuce.

218 3657 321 3720 tw]
336 3656 536 3706 Percussoribua
545 3655 639 3705 nullam
652 3669 710 3720 gra·
750 3652 812 3702 riui·
823 3661 851 3702 et
866 3651 1016 3713 Acerranis,
1026 3665 1084 3715 quar
1094 3649 1147 3700 duo
1167 3650 1277 3718 Campa.

187 3731 249 3798 tiam
273 3731 371 3795 retulit,
393 3745 451 3780 curu
470 3730 586 3781 diceretz
614 3731 710 3780 ‘Nun
749 3729 800 3778 niae
812 3726 918 3790 oppida,
927 3739 979 3775 uon
989 3725 1118 3775 oonreutit
1128 3726 1232 3778 Valerio
1243 3730 1275 3779 Τ.

187 3818 263 3868 quum
280 3806 408 3868 placuisse
425 3806 548 3855 Romania
568 3805 711 3869 Imperato·
749 3803 854 3853 Liviur:
882 3802 938 3851 vult
955 3799 1023 3848 enim
1034 3799 1091 3848 illos
1103 3797 1137 3847 ad
1156 3799 1276 3865 bospitio,

187 3891 242 3927 rem
263 3893 279 3928 a
298 3881 350 3929 ruis
367 3880 479 3931 interfici
497 3879 636 3932 mllltlbur!
668 3881 711 3931 lta
751 3877 897 3939 amicaeque
908 3873 1057 3936 campanie
1077 3874 1153 3922 urbes
1169 3888 1198 3924 re
1214 3889 1274 3926 eou-

185 3952 336 4018 Eutroplus.
751 3953 857 4013 tulisse3
871 3951 918 4000 hoe
929 3963 988 4000 vero
999 3963 1047 4012 per
1060 3948 1206 4000 intermina
1221 3967 1276 4002 mu·

218 4024 271 4076 ηπ
286 4029 336 4077 olto
351 4029 491 4093 merrom]
519 4030 578 4079 Alia
592 4035 633 4080 eet
650 4029 712 4079 alio-
751 4029 874 4088 nimenta,
896 4025 1080 4088 neglectasque
1095 4023 1226 4075 custodiar
1242 4028 1275 4078 ri·

186 4112 242 4148 rum
262 4101 297 4152 de
311 4103 446 4170 Xantippo
466 4105 610 4156 sententia:
635 4106 712 4169 paule
751 4104 830 4155 leutio
848 4098 1053 4163 noetlrdilaptor
1064 4099 1275 4162 pervitainrtn-

188 4180 247 4238 poet
258 4176 402 4241 victoriam,
419 4181 571 4245 populare·
589 4179 712 4231 invidiam
752 4192 811 4246 que,
821 4191 871 4242 qua
881 4185 1007 4239 quemque
1018 4177 1064 4222 ant
1078 4172 1219 4238 conubium,
1228 4183 1276 4228 aut

186 4250 469 4317 veritua,lu(lrreclum
477 4255 565 4310 rediit.
596 4257 638 4308 lu
647 4255 713 4307 Oro·
752 4262 836 4308 terror
845 4251 914 4315 tulit,
923 4246 1076 4314 perfugisse.
1085 4246 1131 4300 lib.
1142 4259 1226 4300 xxrrr.
