3230 5110
316 417 384 485 682
607 431 765 480 vinnon
790 429 936 481 usxrnr
959 433 1032 482 nro.
1054 431 1119 482 vn.

318 575 504 642 eonsilium.
548 571 695 655 Magone
707 574 793 636 enim
809 571 995 642 (leunensis
1006 592 1124 656 pugnae
1139 574 1266 638 exitum
1277 575 1410 644 senetni

318 677 498 742 Poenornm
519 673 825 756 nuntiantemque
847 674 932 739 tenti
951 692 1128 739 successus
1149 675 1250 739 fldem
1265 677 1409 744 annulos

317 791 437 840 soreos
451 773 549 838 trium
563 773 769 838 modiorum·
797 793 984 840 mensnram
1010 776 1185 858 explentes
1208 776 1409 856 fundente,⁷²

317 875 375 956 qni
389 874 574 940 interfectis
586 875 711 938 nostris
734 875 866 955 civibus
881 875 1023 941 denseti
1037 882 1142 953 erent,
1156 877 1316 959 quesivit
1336 882 1353 913 ·‘
1365 897 1409 943 en
1527 937 1541 945 .

316 975 443 1058 uliquis
458 975 641 1040 sooiornm⁸
662 981 742 1058 post
755 981 882 1041 tnntmn
907 975 1038 1042 olndern
1060 995 1082 1040 n
1096 975 1259 1040 Romanis
1268 983 1295 1025 ⁷¹
1318 975 1410 1041 deie-

316 1075 460 1141 nisset:’
487 1080 587 1158 elque
606 1083 645 1141 nt
665 1075 793 1142 audivit
806 1077 971 1141 neminem
997 1076 1040 1140 od
1057 1075 1286 1140 Hannibalem
1300 1082 1410 1140 unns

317 1177 397 1254 issc,
422 1177 530 1242 sunsit
543 1176 697 1259 protinus
728 1182 788 1242 ‘ut
799 1177 900 1260 legati
918 1178 1075 1254 Romom
1091 1197 1153 1261 per
1167 1195 1254 1260 qnos
1267 1175 1310 1240 ‹le
1325 1191 1410 1258 poce

316 1281 480 1359 ageretur,
493 1278 731 1352 mitterentur.’‡
775 1278 881 1365 Cujus
896 1281 927 1344 si
943 1280 1106 1344 sententio
1120 1276 1292 1356 voluisset,
1304 1296 1409 1361 neque

313 1378 462 1442 secundo
478 1379 608 1445 Punico
632 1379 721 1444 bello
743 1381 835 1445 victe
859 1379 1040 1463 Carthago,
1062 1397 1169 1462 neque
1192 1378 1286 1442 tertio
1301 1375 1409 1442 deletu

316 1473 414 1544 ioret

326 1627 330 1636 .
358 1579 410 1644 17.
434 1580 490 1646 Ne
512 1581 679 1646 Samnites
694 1580 829 1664 quidem
856 1599 980 1663 parvos
1003 1597 1124 1664 poenos
1148 1580 1333 1644 consimilis
1358 1597 1410 1643 er-

315 1680 400 1745 roris
411 1681 645 1764 pependerunt,
653 1681 742 1764 qnod
754 1682 913 1747 Herennii
922 1683 1036 1747 Pontii
1045 1689 1059 1718 ¹¹
1074 1683 1220 1748 solumne
1231 1681 1408 1745 consilinm

315 1783 549 1864 neglexerunt:
573 1785 631 1867 qui
646 1783 843 1849 anctoritate
857 1789 892 1846 et
906 1781 1081 1866 pmdentin
1092 1788 1221 1847 ceteros
1235 1787 1410 1865 praestans,

316 1881 360 1946 eb
374 1886 521 1950 exercitu
536 1892 571 1949 et
584 1885 657 1968 ejus
671 1886 757 1950 duce
771 1884 842 1948 filio
862 1903 925 1949 sno
940 1883 1122 1960 consultus,
1145 1883 1323 1964 ‘quidnam
1337 1881 1410 1944 iieri

317 1981 361 2045 cle
385 1983 567 2066 legionibus
596 1987 760 2052 Romanis
791 1985 881 2070 opud
913 1985 1039 2050 Furcas
1070 1982 1242 2048 cnudinns
1272 1981 1409 2044 inclusis

317 2081 463 2162 deberet,
475 2085 651 2150 inviolatos
662 2085 893 2151 dimittendns'
908 2085 1094 2168 respondit.
1126 2081 1411 2146 Posterodieeo-

317 2183 392 2246 dem
408 2185 450 2248 de
464 2187 747 2269 reinterrogatus,
769 2186 895 2251 ‘deleri
907 2204 967 2250 ens
982 2182 1151 2267 oportere'
1172 2181 1278 2245 dixit:
1299 2185 1337 2245 ut
1351 2186 1410 2242 aut

315 2282 465 2346 maximo
480 2285 642 2350 beneficio
657 2288 763 2368 matio
785 2287 930 2350 bostium
946 2289 1118 2360 emeretur,
1142 2287 1201 2346 aut
1214 2280 1410 2362 gravissimo

309 2381 444 2464 jnctnrn
473 2382 559 2446 vires
587 2384 872 2465 confringerentur.
935 2385 1001 2448 Sed
1029 2381 1218 2464 improvido
1244 2381 1410 2444 temeritas

313 2478 487 2558 riotomm,
503 2480 581 2546 (lum
595 2487 903 2566 utramquepartem
928 2481 1055 2565 spernit
1077 2479 1246 2556 utilitatis,
1269 2478 1333 2541 sub
1352 2478 1409 2560 ju·

314 2597 391 2661 gum
404 2580 527 2646 misens
542 2581 578 2646 in
593 2582 773 2666 perniciem
793 2600 889 2647 suam
903 2569 1085 2647 accendit*

771 2755 950 2780 mom

313 2870 467 2934 jubentibus
479 2874 597 2925 omnibus
608 2875 673 2925 lise.
685 2875 836 2940 quibuscum
855 2873 919 2924 iecit
937 2873 1015 2922 stium
1025 2872 1087 2921 Vel.
1120 2869 1179 2919 Neo
1190 2867 1325 2918 consilinm
1337 2867 1409 2917 lien-

316 2937 389 2986 nonin
402 2943 503 2987 tuntum
514 2939 683 2988 excellentius
695 2947 736 2989 est
747 2939 854 2989 oonsilio
866 2935 992 3000 Agesilai,
1008 2940 1037 2984 nt
1054 2933 1162 2997 Piglrinr
1181 2933 1346 2989 existimavit,
1363 2931 1410 2980 sed

317 3001 425 3050 excellit
434 3001 503 3050 inter
514 3005 599 3052 omnis
605 3003 660 3065 jem
671 2999 832 3050 memoratu!
848 3002 992 3063 Kapp-li
1010 2997 1092 3047 Codri.
1104 2997 1210 3045 Torren.
1222 3002 1250 3044 et
1261 2995 1336 3044 editt.
1347 2998 1408 3043 unte

318 3061 436 3125 Piglrlnm
447 3065 483 3113 in
494 3065 599 3128 hubent,
616 3078 666 3114 non
677 3079 738 3114 vero
749 3063 892 3128 &enimin
904 3076 983 3128 quere
994 3059 1135 3110 Torrenins
1146 3059 1256 3121 simplex
1267 3057 1408 3106 revenerit.

316 3131 381 3177 -lt
398 3130 492 3192 Copes.
511 3131 619 3191 omittit,
635 3143 650 3176 n
666 3129 853 3178 Romnum-lt
871 3129 964 3192 copes.
977 3132 1030 3176 tres
1043 3123 1133 3174 belod.
1147 3122 1241 3186 Ultrnj.
1253 3125 1278 3173 1.
1286 3125 1312 3172 ².
1328 3118 1408 3171 Burb.

807 3261 917 3314 Nom

348 3381 453 3431 'ibim
469 3383 607 3448 murum]
635 3385 678 3436 ltu
696 3386 775 3437 etiem
792 3389 843 3438 Eu·
883 3386 1008 3438 seriutrle
1025 3385 1108 3450 poce?
1132 3399 1190 3434 cunr
1205 3383 1232 3433 id
1252 3397 1408 3449 quoquene-

317 3457 418 3519 trupinu
434 3463 461 3506 et
478 3456 603 3520 Orouion
620 3459 684 3510 (loos
693 3462 843 3512 modiosbn·
883 3469 983 3526 gnsset:
1000 3461 1113 3512 ‘bellum
1124 3459 1219 3523 igitur:
1230 3459 1322 3524 iuquit,
1337 3461 1407 3507 ‘tum

314 3531 361 3581 bet
378 3531 477 3596 Florus,
487 3536 602 3585 nonnulli
617 3536 750 3587 dimidium
759 3553 845 3602 supro
882 3539 1012 3602 integrum
1029 3537 1159 3598 labemur,
1176 3550 1251 3599 quum
1265 3534 1409 3596 imbuimus,

316 3613 371 3658 tres
383 3606 480 3659 modios
492 3611 609 3674 explesse
626 3613 733 3663 volunt:
759 3615 845 3664 tenuit
883 3613 982 3678 quodie
993 3612 1122 3663 Hannibal
1132 3611 1269 3660 initulium
1279 3615 1319 3659 est
1327 3615 1408 3658 truns-

316 3679 394 3746 funs,
405 3697 460 3748 que
470 3685 574 3748 propior
585 3701 646 3736 vero
655 3694 703 3752 est,
711 3688 778 3739 bend
785 3690 843 3753 plns
882 3688 1004 3752 gressus!
1037 3690 1102 3738 Haeo
1113 3687 1212 3736 Livius.

315 3753 394 3806 fuisse
404 3757 497 3807 modio.
913 3769 925 3822 t
938 3764 989 3815 Ao.
998 3764 1037 3812 M.
1049 3766 1122 3812 38⁸8.
1140 3762 1184 3811 01.
1193 3766 1248 3811 141.
1261 3767 1283 3813 1.
1302 3759 1365 3810 ler.
1376 3758 1408 3809 C.

347 3833 458 3897 *Aliquis
468 3835 594 3900 mun]
615 3837 842 3905 Onesivitecqnis
881 3844 939 3890 oti.
956 3837 1134 3889 Antemnis.

316 3908 403 3960 Latini
430 3912 539 3962 nominis
563 3914 673 3976 populns
698 3913 842 3967 deiecerit?
913 3912 1156 3975 'Hmiil’ontiss
1167 3913 1208 3962 oe
1218 3909 1334 3962 eludenti
1344 3909 1407 3958 Fur·

315 3982 410 4032 deiude
428 3988 517 4050 ecquis
535 3987 611 4038 bomo
628 4004 663 4040 ex
673 3994 715 4041 8⁵.
724 3992 842 4043 tribubus
882 4005 926 4043 ens
936 3989 1242 4053 Csudlnusjnmegimns.

316 4057 350 4108 orl
362 4059 535 4114 Hannibalern
547 4063 660 4129 ingerit?
675 4081 732 4117 corn
745 4076 842 4118 utrum·
913 4067 929 4097 ⁶
940 4067 990 4117 An.
1006 4068 1045 4117 Μ.
1052 4071 1125 4116 3713.
1142 4066 1281 4117 otum.
1297 4059 1362 4113 orn.
1375 4059 1408 4112 G.

316 4147 368 4198 que
378 4133 471 4187 Hunno
483 4149 612 4204 negasset,
621 4143 734 4207 subjecit
745 4157 843 4208 ecquos
882 4147 939 4196 m.
953 4142 1017 4194 Ant.
1029 4142 1076 4194 Cb.
1086 4145 1143 4192 ³2⁰.

316 4208 417 4272 legitor
433 4207 468 4258 ed
487 4209 660 4267 flannbnen
671 4217 780 4268 Romani
795 4217 842 4268 nri·
