3230 5110
306 399 373 464 662
595 408 749 458 vannrrr
776 405 922 456 naxrnr
948 405 1019 452 cru.
1037 403 1087 451 vr.
1130 394 1136 412 ·’

306 559 421 634 altera,
437 571 513 636 quoe
537 552 569 614 ei
592 549 798 614 nobilitatem
823 547 993 623 eximiam,
1016 543 1224 615 abundantes
1245 545 1393 623 divitias,

308 657 447 721 sormam
454 650 775 734 praestantissimam,
786 649 932 712 savorem
945 647 1067 712 civium
1076 664 1294 729 propensum,
1306 665 1393 710 anm·

308 776 364 821 ma
391 754 544 836 imperia,
571 751 771 834 praecipuas.
791 749 946 832 potentiae
973 749 1073 825 vires,
1098 746 1394 828 flagrantissimum

308 856 474 939 ingenium
495 853 694 935 assignaret:
717 853 829 928 altera,
851 870 929 935 qnae
952 851 1222 926 damnationem,⁸
1242 850 1391 928 exilium,

308 956 531 1020 venditionem
556 954 730 1029 bonorum,
751 953 910 1034 inopiam,
931 952 1043 1016 odium
1069 949 1197 1034 patriar,
1214 949 1396 1014 violentam

309 1061 448 1120 mortem
469 1053 639 1136 indigeret.
684 1052 758 1118 Neo
781 1058 838 1117 ant
862 1053 946 1128 hoec,
970 1059 1031 1144 ant
1054 1053 1113 1117 illa
1137 1053 1316 1132 universa;
1337 1051 1396 1115 sed

309 1155 442 1232 varia,⁶⁰
464 1155 637 1239 perplexa,
645 1154 731 1219 freto
745 1163 848 1237 atque
863 1157 959 1219 oestui
972 1153 1138 1219 similias*

350 1261 385 1324 b.
408 1257 462 1321 Ad
499 1256 658 1320 iuvidiam
685 1275 793 1339 usquo
822 1255 1012 1339 Polycratis
1049 1257 1237 1320 Samiorum
1268 1257 1398 1338 tyranni

310 1358 599 1423 abondantissimis
613 1358 710 1422 bonis
725 1359 928 1442 conspicuus
939 1360 1018 1423 vitae
1030 1357 1137 1440 fulgor
1146 1357 1312 1422 excessit:
1335 1375 1397 1421 uec

311 1461 382 1523 uine
393 1478 516 1524 carrea.¹
555 1457 678 1522 Omnes
692 1459 778 1521 euim
794 1467 936 1522 conatus
950 1459 1023 1543 ejus
1035 1457 1171 1542 placido
1185 1457 1399 1542 excipieban-

312 1566 363 1624 tur
377 1562 493 1626 itinere
503 1580 511 1623 ι
523 1557 548 1598 ⁶¹
572 1577 652 1641 spes
667 1563 790 1622 certum
806 1559 929 1642 cupitae
950 1562 998 1624 rei
1012 1560 1157 1625 iruotum
1172 1559 1399 1644 apprehende·

311 1666 395 1729 bant
406 1676 434 1728 :⁸
456 1671 536 1727 vota
550 1663 823 1744 nuncupabantur
838 1662 938 1726 simul
956 1670 992 1726 et
1005 1665 1235 1728 solvebantur:
1258 1663 1343 1726 velle
1359 1663 1399 1726 bo

312 1767 464 1846 possein
494 1783 593 1846 aequo
622 1766 767 1846 positum
796 1763 905 1828 erat.⁶²
949 1764 1059 1828 Semel
1084 1765 1249 1828 duntaxat
1274 1763 1400 1828 vultum

312 1868 463 1943 mutavit,
484 1885 642 1948 perquam
670 1863 795 1929 brevi⁶³
827 1865 974 1929 tristitiae
1004 1863 1134 1928 salebra
1161 1864 1401 1944 succussnm3*
1468 1941 1471 1946 ,

314 1969 480 2030 tunccum
496 1967 675 2031 admodum
699 1972 826 2048 gratum
851 1968 917 2032 sibi
940 1966 1096 2030 annulum
1120 1964 1162 2029 de
1183 1965 1348 2028 industria
1368 1965 1401 2026 in

314 2067 523 2150 protundum,
554 2089 595 2131 ne
623 2068 730 2132 omnis
758 2067 959 2132 incommodi
987 2085 1109 2148 expers
1138 2067 1236 2141 esset,
1266 2064 1401 2147 abjecit

316 2168 424 2244 Quem
438 2176 552 2232 tamen
566 2169 725 2233 continno
739 2171 956 2253 recuperavit,
978 2174 1079 2252 capto
1099 2164 1220 2250 pisce,h
1251 2166 1311 2248 qui
1326 2183 1402 2228 cnm

316 2266 544 2330 devoraverat.
589 2269 653 2331 Sed
668 2269 768 2346 bunc,
781 2273 877 2352 cujus
891 2272 1034 2334 felicitas
1053 2289 1184 2352 semper
1194 2267 1304 2354 plenis
1320 2265 1403 2331 velis

344 2475 360 2519 s
371 2479 422 2528 Ner
438 2480 536 2530 odnerra
554 2493 595 2528 neo
609 2481 710 2529 recum
720 2479 822 2538 sorim
832 2481 962 2531 Alcibiadis
975 2481 1028 2542 fcit
1045 2482 1171 2532 mutiana:
1185 2483 1226 2531 red
1245 2482 1311 2535 ando
1329 2479 1405 2543 bunia,

316 2545 383 2590 modo
393 2543 461 2592 muln
470 2544 597 2605 permiuta,
607 2544 632 2590 ia
642 2559 668 2592 eo
676 2547 746 2593 aaut
756 2546 828 2594 mern
836 2545 930 2594 naue.

347 2607 488 2681 'Splendor
502 2608 558 2656 oitoe
571 2608 702 2682 Rotperutia
712 2607 844 2684 Samiorum
854 2609 951 2672 tyranni
961 2610 1066 2685 mbae
1081 2611 1146 2660 boatu
1160 2611 1192 2659 ad
1207 2608 1323 2657 inuidiam
1334 2621 1404 2682 upque

316 2668 620 2796 mapellmwmzm
635 2677 732 2720 curetur
742 2671 837 2731 febrem
855 2672 969 2724 babebarrt
986 2679 1094 2731 exitum
1107 2688 1159 2738 oper
1172 2687 1221 2733 mue
1237 2685 1286 2722 reru
1302 2677 1405 2735 copam

351 2794 363 2827 ²
374 2796 452 2846 Serrei
461 2804 552 2848 tanturn
558 2800 658 2858 sortorm
668 2799 699 2848 ad
707 2797 774 2849 brem
783 2803 874 2862 tempor
884 2805 974 2850 mutato
984 2802 1073 2850 nullm
1083 2801 1120 2850 illi
1130 2802 1221 2850 tridear
1231 2799 1341 2849 ostendit.

319 3027 427 3094 Pighius
439 3031 466 3080 ln
479 3033 560 3082 tribua
572 3032 646 3082 codd.
661 3031 751 3094 camp.
770 3033 863 3080 Colon.
875 3041 900 3083 et
910 3031 1011 3081 Wluclr.
1032 3029 1129 3092 reperit
1146 3029 1217 3076 aaa
1230 3030 1348 3093 natanta,
1364 3034 1406 3080 red

318 3097 392 3144 neria
410 3099 418 3125 ‘
430 3095 553 3145 Nonnulli
565 3098 628 3145 Mra.
637 3099 675 3144 Ne
686 3101 727 3144 aut
738 3096 893 3157 baraotilta,
905 3103 934 3144 ut
947 3096 1016 3156 Meg.
1025 3095 1051 3142 in
1061 3103 1160 3154 reptent
1172 3091 1245 3142 deant
1255 3094 1344 3152 rimi,-
1360 3093 1405 3142 sod

320 3171 410 3208 omnen
422 3162 537 3210 retinent
548 3161 623 3211 varta
640 3158 711 3208 Med.
730 3159 880 3222 primaerio
955 3160 1019 3208 nea.
1052 3156 1177 3206 Nonnulli
1197 3158 1407 3215 mtuidnittiraa,

320 3222 519 3283 Moprimilima.
550 3223 616 3270 Vno.
628 3223 876 3275 ermenteriarum.
913 3221 1242 3282 turrecreenrtrtatutaa.
1271 3222 1409 3285 Mintqoo·

320 3298 370 3347 que
381 3285 451 3334 dmul
462 3285 564 3333 videtur
579 3299 636 3334 esse
652 3299 667 3334 a
682 3285 1011 3350 procrastinationum
1021 3286 1083 3334 nibil
1096 3284 1165 3336 aliud
1183 3283 1320 3361 significat,
1330 3301 1408 3348 qnam

320 3348 397 3396 omnia
402 3347 489 3396 simui!
498 3349 668 3398 'sorren-bl
678 3350 721 3399 Sic
731 3366 818 3400 omues
825 3352 916 3414 scripti
924 3358 953 3399 et
960 3351 1028 3416 typis
1036 3349 1161 3412 expressi.
1170 3349 1291 3398 Heinsius
1300 3350 1332 3398 ad
1341 3349 1408 3398 Vell.

320 3412 350 3460 1..
363 3425 394 3460 ιι.
408 3416 450 3459 46.
465 3415 488 3460 t.
501 3418 576 3474 putat
586 3421 671 3461 tamen
683 3415 838 3478 legendum:
855 3415 947 3478 placido
962 3413 1138 3478 excipiebantur
1147 3413 1205 3462 uita
1222 3419 1310 3463 tenore.
1343 3411 1409 3462 Mox

320 3475 404 3523 Bitur.
424 3475 523 3525 Medic.
545 3479 567 3524 l.
585 3485 612 3526 et
631 3477 703 3538 ung.
717 3479 918 3541 apprehendebat:
938 3478 1035 3527 Medic.
1046 3483 1071 3528 b.
1084 3484 1146 3528 certe
1156 3479 1243 3540 capitor
1253 3478 1289 3527 ret
1299 3477 1408 3542 &aton

319 3537 519 3600 apprehendebant
527 3554 536 3594 ‚·
544 3539 638 3603 Ultraj.
651 3545 674 3589 l.
682 3543 906 3604 copitarrtfaotuar
914 3543 1186 3606 apprehendebam—bd
1198 3541 1277 3591 lltok.
1288 3542 1407 3602 lugebat:

319 3601 416 3666 iaapuo
427 3607 551 3654 πιέν-63
569 3605 663 3668 Ultraj·
672 3609 695 3658 l.
706 3611 729 3656 2.
741 3607 820 3657 Burb.
831 3613 855 3658 l.
865 3609 973 3674 etlttog.
982 3607 1067 3672 berb,
1075 3606 1142 3674 quod
1153 3607 1294 3671 protulerit
1301 3607 1409 3656 Torran.

322 3831 399 3880 rerba
420 3831 495 3881 libuit
514 3831 538 3882 in
555 3830 658 3882 familiia
674 3832 845 3886 Romanorum
920 3833 999 3894 triu.
1021 3835 1059 3886 bl.
1079 3836 1153 3884 tntu.
1179 3829 1222 3881 01.
1240 3834 1318 3880 utu.
1344 3830 1410 3881 Urb.

323 3907 473 3971 appingere.
506 3909 589 3960 Getta
604 3917 632 3958 at
650 3917 758 3960 mortem
775 3909 846 3960 Alci·
889 3911 918 3962 c.
929 3915 986 3960 8³8·
1002 3909 1066 3960 Ant.
1078 3909 1125 3958 Cb.
1135 3911 1193 3956 tlt.

322 3980 645 4048 biudisaupraattigimne.
918 3985 1023 4048 ¹¹Capto
1042 3980 1227 4048 pirce1Pancis
1246 3977 1410 4042 portdiebnr

353 4065 367 4100 ¹
382 4059 573 4124 Denaattoarrr]
602 4062 679 4114 unca
700 4077 772 4114 ruore
795 4060 846 4111 rio·
886 4067 977 4126 ruptor
987 4065 1028 4110 ert
1039 4059 1125 4122 piccio,
1136 4065 1164 4106 ot
1176 4064 1283 4119 tyranno
1294 4052 1410 4110 donatur,

321 4133 389 4184 lure
401 4133 542 4196 diceretur,
552 4138 687 4190 damnatus
697 4146 747 4190 est.
766 4139 847 4190 Plura
887 4141 912 4189 ln
924 4137 996 4202 cnjus
1007 4143 1098 4187 ventre
1110 4138 1227 4199 repertun
1243 4135 1282 4179 ert
1293 4131 1410 4184 annulus.

323 4209 351 4262 iu
361 4209 429 4278 notia
440 4209 472 4260 ad
482 4209 499 4262 J
502 4211 620 4264 turinum.
