3180 5120
321 439 388 510 842
625 452 779 502 rrnnnrr
804 451 949 502 rrrxrrrr
974 454 1046 502 ιιι.
1070 451 1127 503 rx.

325 590 338 644 -’-
362 601 420 667 1⁰.
441 598 489 663 At
512 615 555 662 ne
580 597 741 662 Hebusci
762 596 925 680 quidem'
960 584 1075 680 perum
1100 598 1230 663 feroces
1257 601 1292 664 in
1313 620 1413 686 poena

321 697 561 782 excogitanda:
574 698 643 781 vqui
658 699 808 763 vivorum
817 704 847 747 ⁵⁴
866 717 1010 782 corpore
1033 698 1260 767 cadaveribus
1275 705 1415 769 adversa

321 799 469 868 adversis
481 799 615 882 alligate
629 805 730 882 utque
746 799 938 879 constrictu,
961 801 1011 866 its
1024 809 1062 867 nt
1087 803 1229 886 singulm
1251 807 1414 872 membro*

319 921 389 970 rum
404 905 518 985 purten
532 901 670 983 singulis
685 908 801 968 essent
817 903 1090 983 accommodate,
1113 906 1288 971 tabescere
1314 907 1414 972 simul

319 1005 548 1090 patiebantur:
570 1005 675 1068 umeri
689 1006 769 1071 vitre
783 1006 907 1088 pariter
920 1025 961 1070 ec
974 1009 1090 1072 mortis
1106 1013 1259 1072 tortores.

363 1107 417 1172 11.
439 1107 537 1171 Sicut
548 1107 600 1172 illi
615 1107 767 1185 Barbari,
781 1125 869 1191 quos
883 1109 994 1173 ferunt
1008 1114 1226 1174 mactatarum
1243 1107 1414 1193 pecudum

319 1209 512 1288 intestinis,¹¹
539 1216 574 1273 et
595 1209 781 1275 visceribus
806 1210 943 1294 egestis,
965 1211 1113 1276 homines
1135 1210 1289 1288 inserere,
1309 1210 1359 1275 ite
1380 1218 1417 1277 ut

321 1312 489 1396 capitibus
512 1311 741 1378 tantummodo
754 1313 931 1391 emineant,
957 1319 1128 1398 quoque⁵⁵
1160 1311 1289 1375 diutius
1304 1331 1415 1394 poenae

322 1412 500 1492 sufficiant,
524 1413 602 1477 cibo
626 1420 661 1478 et
684 1413 823 1498 potione
846 1415 1017 1479 infelicem
1043 1414 1198 1497 spiritum
1216 1431 1415 1496 prorogare:

321 1515 429 1579 donec
442 1515 534 1580 intus
547 1515 731 1597 putrefacti,
746 1517 889 1581 laniatui
903 1513 1217 1594 sintenimulibus,⁵⁶
1238 1535 1314 1600 quoe
1330 1516 1416 1579 tebi-

321 1617 375 1682 dis
387 1617 423 1680 in
438 1617 636 1700 corporibus
648 1617 742 1680 nasci
756 1618 874 1682 solent.
919 1617 1199 1698 Queremurnunc
1210 1636 1287 1681 cum
1299 1623 1416 1682 nutura

321 1739 443 1797 rerum,
457 1719 548 1802 quod
562 1737 626 1783 nos
639 1719 752 1784 multis
777 1726 814 1785 et
826 1721 955 1803 asperis
976 1720 1129 1786 adversm
1150 1718 1355 1785 valetudinis
1368 1719 1417 1783 in·

323 1821 509 1888 commodis
537 1821 709 1887 obnoxios
730 1841 805 1888 esse
826 1823 988 1890 voluerit:
1024 1824 1241 1905 habitumque
1263 1820 1416 1886 coelestis

321 1924 455 1989 roboris
479 1922 633 1988 humente
655 1922 837 1989 conditioni
861 1925 1059 2008 denegatum
1076 1923 1216 1988 moleste
1229 1921 1373 1986 feramus
1388 1922 1421 2001 ς’

323 2044 402 2090 cum
425 2029 476 2088 tot
497 2025 671 2089 cruciatus
693 2025 904 2112 sibimetipse
919 2026 1103 2092 mortalitas
1125 2023 1274 2109 impulsu
1296 2022 1414 2088 crude·

321 2126 427 2192 litatis
442 2126 693 2210 excogitaverit.
1399 2153 1402 2160 ·

272 2398 276 2403 .
354 2343 810 2405 ‘Uortumnum-mnu
823 2349 1232 2414 meermannianam

321 2583 377 2635 Bit.
386 2582 474 2650 primi,
482 2583 558 2634 leid.
569 2590 636 2634 sext.
657 2583 709 2635 Sed
721 2585 747 2634 ln
758 2585 847 2650 quinto
858 2583 934 2634 deest
973 2584 1106 2633 imm—tl
1122 2582 1164 2632 ltu
1179 2581 1256 2645 Pigb.
1268 2595 1301 2631 ex
1311 2583 1419 2632 Winek.

321 2649 415 2712 Cemp.
437 2655 465 2700 et
482 2647 584 2699 Gembl.
601 2651 687 2713 itaque
705 2647 820 2699 nonnulli
835 2646 911 2698 codd.
953 2662 1038 2712 orreo.
1059 2648 1135 2710 vulgo
1153 2647 1277 2704 uirorum
1294 2647 1363 2711 quod
1375 2655 1424 2698 est

320 2713 400 2762 etiem
410 2713 437 2762 in
449 2713 601 2777 quibusdem
612 2715 720 2763 Torren.
754 2710 895 2764 Nonnulli:
916 2711 1067 2762 cadaveribm
1081 2711 1188 2760 mmsis
1202 2711 1300 2759 oduerm
1310 2711 1419 2772 obiectu.

320 2780 384 2824 -ts
402 2777 495 2840 Copee.
506 2783 559 2827 tres
570 2778 645 2828 codd.
655 2779 762 2832 Torreu.
780 2785 809 2826 et
826 2776 933 2827 Arcens.
951 2779 1091 2838 quoquestr
1107 2773 1199 2824 decem
1218 2773 1294 2824 codd.
1309 2774 1417 2830 Torren.

320 2853 420 2904 censore
430 2845 478 2899 αἱς
491 2841 517 2890 iu
529 2843 657 2892 nonnullis
668 2842 729 2892 edd.
739 2847 809 2906 ntem
822 2845 860 2902 ut,
870 2854 904 2890 ex
919 2838 1154 2902 interpretatione;
1171 2838 1197 2886 ln
1208 2839 1312 2902 ceteris,
1389 2855 1417 2890 se

319 2903 417 2966 diutius,
426 2908 468 2968 bc.
500 2905 604 2956 Deinde
615 2920 663 2970 pro
672 2919 800 2968 prorogare
811 2903 926 2953 nonnulli
935 2907 1138 2967 prodeunt—66
1153 2895 1196 2952 lta
1208 2901 1282 2965 Pigb.
1294 2917 1326 2951 ex
1338 2918 1369 2952 co
1388 2903 1415 2952 d.

321 2974 349 3017 et
369 2968 466 3019 hubent
484 2983 586 3034 quoqne
604 2971 642 3018 ite
657 2969 755 3019 brand.
767 2974 792 3020 1.
808 2972 833 3017 2.
848 2967 925 3018 codd.
942 2968 1049 3017 Torren.
1062 2967 1123 3017 Vet.
1139 2967 1211 3030 Meg.
1228 2973 1257 3016 et
1268 2964 1376 3016 Mediol.
1388 2971 1412 3017 8.

321 3031 408 3082 bricti
416 3038 470 3083 runt
485 3033 516 3084 ab
526 3034 667 3084 uniamus
678 3032 758 3083 Aldd.
776 3032 860 3083 celin.
873 3032 973 3096 Grypb.
984 3037 1012 3080 et
1022 3031 1115 3095 steph.
1125 3031 1229 3080 rosioni
1242 3032 1291 3080 sint
1306 3031 1417 3081 minoti-

321 3095 364 3146 ὃν
379 3097 482 3175 emend.
497 3097 644 3152 Pontnnus.
674 3099 739 3150 Mox
758 3096 817 3148 edd.
833 3111 850 3147 ι
867 3096 944 3160 Pigb.
961 3110 1043 3162 mque
1060 3095 1093 3145 ud
1111 3095 1221 3146 Torreu.
1237 3095 1370 3159 umoribus
1380 3097 1417 3146 irr-

320 3176 394 3214 met.

814 3251 921 3306 NO'l'AE

354 3375 371 3402 '
383 3367 544 3417 NcHetmci
554 3365 657 3431 quidem]
674 3364 707 3417 ld
718 3364 849 3416 Mezentio
920 3372 933 3398 ¹
949 3367 1070 3416 Peerdurn
1089 3364 1220 3428 intestinus]
1243 3364 1312 3414 Illud
1335 3364 1413 3414 etirrn

322 3456 410 3492 eorum
430 3442 496 3504 Regi
515 3442 608 3493 tribuit
622 3442 696 3505 Virg.
714 3441 773 3492 AEn.
785 3455 847 3492 rur.
886 3442 1008 3506 supplicii
1017 3455 1096 3506 genus
1109 3448 1139 3490 et
1150 3441 1183 3489 eb
1194 3439 1283 3503 Opllio
1294 3441 1414 3489 Macrino

321 3517 849 3582 ⁴Mortrruquinetiamjrmgebrtcorpora
888 3521 914 3569 in
924 3518 989 3570 dnos
1006 3518 1109 3576 mlliter,
1125 3522 1194 3566 teste
1214 3515 1368 3580 Capitolino,
1385 3525 1414 3565 et

321 3591 396 3656 virle,
417 3592 580 3658 componens
599 3593 767 3660 manibusque
793 3608 848 3646 rne-
886 3595 914 3645 ln
926 3590 1243 3656 ChristianosnPegenls‚
1260 3597 1328 3642 teste
1338 3591 1413 3656 sulp.

321 3684 381 3736 nur,
396 3667 649 3736 etqueoribusors'
711 3662 712 3665 ’
886 3670 994 3737 Severo,
1010 3674 1220 3736 mnrpttmnest.
