3180 5120
312 481 389 550 072·
617 493 767 542 vannnrr
793 491 939 541 rrlxrrrr
965 492 1035 539 era.
1053 489 1108 537 rx.

314 655 357 706 ac
370 638 534 704 monstri⁴
555 635 664 701 simile
677 634 868 719 exemplum
884 641 948 698 ost.
992 631 1081 697 Cum
1106 636 1288 716 carpento⁵
1310 631 1412 696 veho-³

277 815 281 824 .
315 749 416 817 retur,
432 745 466 805 et
480 740 520 816 is,
542 738 599 820 qui
619 737 774 820 jumenta
799 737 932 818 agebat,
960 734 1134 800 succussis
1154 733 1269 801 fraenis
1283 734 1409 800 cousti-

278 835 281 846 '
314 845 419 918 iisset,
433 841 612 924 repentium
635 855 737 902 moroe
754 856 892 901 causam
910 837 1109 921 requisivit3
1132 846 1178 914 ot,
1195 844 1231 902 ut
1245 844 1410 920 comperit

316 960 440 1026 corpus
452 941 559 1024 patris
575 939 647 1004 Ser.
662 923 767 1002 'Tullii
782 937 890 1001 occisi
906 939 954 1003 ibi
964 937 1090 1022 jacere,
1104 957 1204 1022 supra
1217 936 1295 1002 id⁶l
1316 943 1407 1008 vahi-

314 1047 427 1109 culum
441 1043 520 1107 duci
529 1042 645 1127 jussit,
661 1061 727 1124 quo
741 1041 883 1106 celerius
908 1041 941 1104 in
956 1041 1168 1124 complexum
1185 1042 1407 1110 interfectoris

309 1145 382 1228 ejus
402 1143 573 1228 Tarquinii
588 1143 741 1207 veniret·
777 1140 856 1218 Qua
870 1149 936 1208 tam
958 1140 1073 1225 impia,
1097 1148 1227 1226 tamque
1242 1144 1405 1226 probrosa

310 1246 533 1323 festinatione,
547 1263 616 1308 non
631 1245 740 1309 solnm
755 1264 793 1308 sc
809 1253 932 1308 aeterna
944 1244 1093 1323 infamia,
1103 1244 1164 1310 sed
1178 1244 1287 1327 ipsum
1297 1243 1401 1308 etiam

308 1347 418 1413 vicum
435 1348 632 1430 cognomine
646 1348 783 1412 sceleris
799 1345 1094 1412 commaculavit-a

351 1457 383 1521 2.
406 1455 487 1521 Non
509 1464 576 1520 tam
602 1463 700 1520 atrox
723 1464 774 1521 est
797 1456 835 1521 C.
853 1455 1032 1521 Fimbriaee
1054 1457 1177 1521 sactum
1201 1460 1235 1520 et
1254 1457 1400 1524 dictum:

308 1559 370 1624 sed
385 1560 414 1624 si
430 1579 490 1642 per
503 1578 540 1622 se
555 1561 749 1636 aestimetur,
763 1566 941 1642 utrumque
953 1559 1228 1624 audacissimam.
1270 1556 1313 1623 Id
1327 1576 1403 1646 cge-

306 1667 383 1739 rat,⁷
406 1666 442 1726 ut
466 1660 623 1726 Scaevola
646 1659 679 1722 in
704 1659 816 1723 funere
846 1659 885 1724 C.
907 1659 1007 1724 Marii
1033 1658 1249 1744 jugularetur.
1294 1658 1402 1738 Quem

306 1769 487 1846 postquam
502 1779 545 1824 ex
559 1761 695 1826 vulnere
709 1767 890 1825 recreatum
908 1765 1083 1844 comperit,
1099 1782 1260 1828 accusare
1283 1762 1327 1826 ad
1342 1780 1403 1845 po·

306 1863 422 1945 pulum
447 1863 596 1928 institnit.
640 1862 865 1946 Interrogatus
892 1863 1026 1942 deinde,
1042 1864 1148 1947 ‘quid
1171 1865 1213 1929 do
1238 1883 1279 1928 eo
1302 1882 1402 1928 secus

306 1963 571 2044 dictumsessat,
589 1967 645 2029 cui
660 1985 721 2047 pro
735 1967 913 2030 sanctitate
925 1986 1054 2031 morum
1071 1966 1154 2030 satis
1169 1964 1270 2046 digna
1283 1964 1399 2028 lauda·

305 2065 356 2129 tio
369 2065 468 2131 reddi
483 2087 548 2131 non
572 2066 707 2148 posset,'
728 2067 898 2150 respoudit
925 2073 985 2132 ‘ise
1008 2067 1212 2150 objecturum
1229 2064 1292 2142 illi,'
1307 2063 1400 2147 quod

304 2168 441 2247 parcius
463 2186 602 2251 corpora
626 2169 726 2240 telum
747 2164 950 2250 recepisset!
992 2166 1198 2233 Licentiam⁸
1221 2166 1340 2231 furoris
1355 2186 1400 2231 ae·

304 2285 371 2345 grae
384 2268 577 2350 reipublicae
594 2271 716 2352 gemitu
733 2271 1017 2355 prosequendam!

346 2365 377 2427 3.
400 2365 440 2428 1..
461 2385 541 2431 vero
555 2365 697 2432 Catilina
717 2370 753 2432 in
772 2377 887 2434 senatu
903 2371 953 2433 M.
970 2369 1129 2435 Cicerone
1150 2371 1341 2435 incendium
1355 2369 1398 2431 ab

302 2465 378 2548 ipso
403 2465 584 2529 cxcitatum
610 2467 750 2546 dicente,
766 2476 776 2504 ‘
791 2470 932 2546 Sentio,’
946 2469 1098 2550 inquit:d
1119 2475 1180 2538 fet
1202 2469 1336 2551 quidem
1355 2469 1397 2534 il·
1457 2485 1460 2492 ·

759 2643 940 2664 ΟΜΜΙΜΝ

299 2763 419 2816 meinata.
438 2765 466 2808 ut
477 2759 502 2808 ln
514 2759 602 2810 titulo:
621 2760 667 2809 sed
685 2769 711 2810 et
728 2761 765 2810 ric
777 2759 836 2811 edd.
850 2769 912 2811 ante
922 2761 1048 2822 pigri-⁴
1064 2759 1107 2808 lta
1118 2758 1196 2824 Pigu.
1213 2773 1246 2810 ex
1267 2776 1319 2812 uuo
1338 2764 1396 2817 cod.

300 2823 460 2887 improbante
471 2823 574 2886 Godlo;
592 2839 643 2874 rore
654 2825 783 2888 improbum
793 2826 892 2874 moriri
905 2825 998 2886 Copea.
1019 2831 1047 2872 et
1066 2822 1139 2875 Leid.
1150 2828 1175 2872 ll.
1194 2831 1298 2875 ametro
1309 2827 1333 2875 in
1346 2844 1396 2880 uno

298 2887 409 2939 Terreni
424 2887 552 2950 improbum
571 2905 598 2939 oe
617 2891 710 2939 desunt
729 2889 755 2938 in
774 2890 870 2938 ceteris
882 2890 956 2939 codd.
968 2894 995 2937 et
1007 2887 1139 2937 addente
1151 2888 1226 2952 Pigh.
1238 2891 1396 2940 omnibus.-

300 2961 314 3002 5
333 2954 393 3009 Qua
403 2966 456 3001 cum
465 2958 573 3015 carpento
585 2952 657 3016 Piglr.
669 2969 701 3003 ex
713 2953 771 3003 Sus.
783 2955 810 3001 et
823 2954 908 3003 l’ulm.
923 2953 1034 3016 plaicio
1047 2951 1140 3016 Ultraj.
1151 2955 1175 3000 2.
1195 2958 1223 3000 et
1243 2953 1313 3017 Mag.
1335 2957 1394 3012 Qua

301 3033 350 3066 non
361 3017 457 3066 tabem
467 3017 550 3065 ceteri
560 3017 636 3066 codd.
647 3017 745 3067 delevit
762 3018 870 3067 Torren.
903 3017 1021 3079 Pighium
1040 3023 1099 3064 snut
1120 3016 1201 3065 secuti
1220 3017 1305 3067 Coler.
1315 3020 1394 3083 Thya.

301 3081 398 3146 Delph.
419 3082 508 3130 vom.
528 3081 630 3132 alit—o
650 3081 695 3131 ltu
713 3083 807 3147 Copes.
825 3081 961 3130 duodecim
982 3078 1060 3132 codd.
1080 3079 1186 3132 Torrea.
1206 3087 1234 3130 at
1252 3081 1314 3131 edd.
1333 3092 1394 3135 ante

301 3147 428 3210 Pighiuru¹
447 3147 489 3210 qai
501 3151 646 3194 mutaverat
657 3147 692 3206 iu,
709 3161 779 3209 supra
791 3146 911 3195 idm—l
928 3143 988 3193 ‘lta
1004 3145 1159 3208 legandum
1176 3159 1226 3194 oon
1238 3154 1267 3196 ut
1279 3147 1395 3212 Pighius,
1489 3187 1490 3190 η

300 3221 327 3261 et
340 3211 407 3260 hrrnc
418 3211 500 3260 secuti
511 3211 618 3260 Colerus
637 3215 665 3258 et
682 3209 791 3272 Thyrius
808 3209 924 3264 edidero,
943 3209 969 3257 lu
988 3213 1077 3271 epod.
1111 3209 1218 3260 liabent
1236 3209 1275 3260 ita
1294 3219 1395 3263 veteres

300 3276 368 3339 typis
379 3275 495 3338 expressi
508 3273 568 3323 Aldi
580 3281 606 3322 et
618 3273 738 3323 Chalcoc.
750 3273 862 3338 itemque
874 3273 939 3323 Mas.
955 3273 1055 3323 Brund.
1090 3271 1160 3323 Nota
1177 3274 1277 3338 phrasis
1296 3285 1336 3327 est
1353 3279 1395 3328 ‘id

298 3339 394 3450 ἓξετῧζ
411 3337 502 3448 prolicit
523 3337 650 3448 ureditssri,
663 3336 688 3385 id
706 3351 810 3400 operam
822 3337 917 3450 dareT
927 3338 1051 3401 Virgilius
1064 3338 1121 3387 Ecl.
1135 3351 1177 3389 rx.
1196 3339 1285 3403 Nepos
1298 3355 1358 3392 xrv.
1370 3347 1395 3392 6.

299 3407 451 3526 inflia.
473 3401 693 3526 ..uetiti
705 3401 1268 3530 ”sirtill‘rdltuttut-'tlt
1281 3407 1393 3520 litt

297 3528 356 3577 edd.
366 3533 427 3576 ante
439 3525 557 3590 Pighium
568 3545 575 3588 i
594 3531 617 3577 0
625 3529 744 3579 immitam
754 3529 830 3594 Pigh.
842 3529 926 3581 Color.
936 3529 1013 3594 'l'lrya
1021 3531 1113 3581 llinel.
1124 3533 1220 3598 Delplu
1231 3541 1260 3584 et
1271 3531 1389 3584 Varii.-

790 3673 898 3725 Nom

330 3769 436 3834 ¹’Supra
459 3771 484 3820 id
502 3767 642 3832 mitraton]
673 3768 739 3819 Cum
755 3768 823 3819 ruri·
895 3771 955 3822 ⁶0.
976 3771 1108 3836 fimbria]
1132 3773 1173 3822 Ex
1192 3779 1272 3835 geute
1294 3775 1393 3839 Floria,

299 3863 331 3911 ga
348 3849 455 3900 horrare
468 3853 608 3902 commotus
622 3847 824 3909 tarentinum
863 3847 907 3911 qui
931 3847 1017 3898 occiso
1040 3849 1172 3911 aliquanto
1198 3854 1259 3910 port
1285 3851 1390 3900 Valerio

298 3933 403 3988 arrepto
414 3925 507 3989 pedum
526 3921 638 3974 mabelio
654 3923 729 3988 petit,
745 3924 823 3974 incla-
863 3921 959 3972 Flacco
976 3923 1098 3984 musula,
1115 3923 1187 3984 cujus
1205 3923 1305 3986 legatus
1323 3930 1388 3984 erat,

298 4013 387 4052 maur:
406 4003 485 4053 ‘Non
498 4016 570 4065 eges,
583 4003 702 4064 sceleste,
717 4002 758 4051 rel
775 4015 823 4065 per
862 3997 1041 4048 Mithridatem
1058 3998 1186 4060 Pergamo
1202 3999 1318 4059 expulit;
1340 4000 1387 4047 sed

296 4077 455 4124 mortuumi’
488 4067 779 4141 Hecpluribur'livrm
794 4082 823 4125 et
862 4074 1007 4124 desertura
1025 4073 1087 4135 suia,
1102 4070 1179 4134 Sylla
1194 4077 1264 4119 metu
1276 4079 1387 4124 mortam

297 4149 446 4212 Dionysius.
860 4148 1054 4200 sibiconrcirlt.

327 4222 342 4252 '
357 4221 455 4272 Amld.
469 4229 542 4273 ulo.
558 4226 602 4278 01.
614 4230 655 4275 al.
666 4231 691 4278 ⁸.
709 4223 775 4275 Urb.
787 4225 817 4274 C·
890 4226 902 4260 ⁴
917 4223 1103 4286 ΜΛΝ,
1113 4219 1166 4285 dc]
1182 4221 1263 4275 Quasi
1275 4224 1313 4275 mi
1327 4239 1387 4290 pur-

294 4305 350 4354 21⁹.
377 4299 568 4350 enecasse.
859 4301 1024 4366 gaudiosum
1042 4299 1069 4349 iu
1087 4297 1212 4350 Senatum
1231 4301 1322 4352 reoitr
1341 4301 1385 4353 ubl
