3180 5120
334 423 400 488 880
429 483 434 490 ,
636 439 790 487 vinnan
809 437 960 484 ‘irnxrur
986 437 1056 483 uin.
1082 435 1138 482 rx.

377 581 409 646 1.
431 581 549 644 Tullus
580 579 775 644 Hostilius*
805 578 942 642 fulmine
972 579 1086 657 ictus:
1119 597 1195 642 cum
1226 581 1299 642 tota
1326 575 1421 641 domo

335 680 575 762 conflagravit·
618 681 825 762 singularem
851 680 914 744 sati
936 687 1070 758 sortem,
1085 700 1154 763 qua
1174 678 1307 755 accidit,
1320 686 1360 742 ut
1373 697 1425 741 co·

333 783 444 845 lumen
459 783 560 859 urbis,
574 783 607 846 in
622 782 699 864 ipsa
723 781 805 844 urbo
825 785 965 863 ruptum,
981 800 1024 842 ne
1047 799 1205 862 supremo
1221 779 1356 862 quidem
1374 779 1424 842 sa·

330 882 415 946 neris
440 883 595 946 honoroa
610 882 741 948 civibus
766 882 917 947 decorari
943 889 1072 965 posset,
1087 882 1215 948 coelesti
1238 881 1374 946 flamma
1391 881 1424 943 in

330 1002 402 1046 eam
419 974 641 1046 conditionem
653 991 665 1030 ⁵
687 981 871 1060 redactum,
881 973 919 1048 ut
932 982 1067 1046 cosdem
1079 991 1228 1065 penates,
1239 988 1274 1046 et
1285 983 1422 1063 regiam,

329 1088 360 1147 ct
376 1103 502 1164 rogum,
519 1089 555 1147 ct
569 1084 758 1166 sepulcrum
773 1081 921 1147 haberat.

371 1185 403 1248 2.
424 1184 496 1250 Vix
512 1185 694 1250 verisimile
704 1191 768 1262 est,
786 1186 821 1248 in
836 1183 1008 1267 eripiendo
1023 1184 1142 1266 spiritu
1156 1183 1244 1247 idom
1261 1182 1422 1265 gaudium

328 1285 491 1369 potuisse,
506 1286 597 1368 quod
617 1287 760 1352 fulmen:
782 1293 816 1351 ct
840 1291 949 1350 tamen
972 1285 1059 1350 idom
1082 1285 1223 1376 ualuit.⁶¹
1257 1284 1422 1348 Nuntiata

328 1385 416 1451 onim
429 1386 541 1465 clade,
557 1408 633 1470 quae
653 1387 697 1451 ad
712 1386 821 1453 lacum
837 1386 1103 1468 'ilirasymenum
1117 1385 1296 1464 inciderat,
1318 1385 1423 1450 altera

327 1495 434 1552 mater
447 1489 588 1571 sospiti⁷
603 1488 674 1553 filio
686 1490 729 1554 ad
745 1491 856 1572 ipsam
872 1493 1005 1572 portam
1020 1487 1114 1552 sacta
1128 1487 1274 1563 obviam,
1286 1487 1319 1550 iu
1330 1505 1422 1550 oom-

324 1589 425 1672 plexu
439 1589 514 1674 ojus
528 1591 703 1673 expiravit.
747 1590 867 1656 Altera
887 1609 963 1655 cum
983 1589 1073 1654 falso
1088 1590 1206 1654 mortis
1229 1588 1290 1654 tilii
1303 1586 1420 1652 nuntio

328 1688 418 1754 domi
431 1695 551 1755 moesta
567 1690 718 1768 sederet,⁸
735 1683 778 1755 ad
793 1691 937 1774 primurn
953 1698 1174 1774 conspectum
1189 1688 1355 1756 redeuntis
1362 1705 1423 1752 cx-

328 1791 477 1856 animata
490 1790 587 1857 esti*
631 1791 747 1856 Genus
771 1811 869 1856 casus
890 1790 1107 1856 inusitatum:
1129 1810 1216 1874 quas
1242 1791 1337 1856 dolor
1355 1806 1423 1852 non

326 1891 531 1970 extinxerat,
543 1893 661 1958 laetitia
674 1891 869 1956 consumsit

369 1992 402 2056 8.
424 1992 492 2058 Sed
505 1995 615 2060 minus
628 1995 752 2072 miror,⁹
765 1993 855 2078 quod
870 1993 1036 2057 mulieres.
1059 1987 1108 2054 Μ.
1123 1990 1302 2056 Juventius
1316 1987 1420 2052 Thul-

325 2111 371 2159 na
381 2101 424 2133 ¹0⁶
438 2093 519 2160 Cos.
533 2097 660 2180 collega
672 2094 726 2159 Ti.
741 2094 886 2160 Gracchi
897 2093 1117 2171 Goaitcrum,
1126 2111 1202 2156 oum
1217 2091 1252 2154 in
1268 2087 1421 2166 Corsica,
1486 2113 1490 2118 ·

782 2273 960 2298 ”lum

327 2385 425 2434 Μαι.
456 2383 520 2434 Mox
533 2386 629 2450 Ultrei.
647 2403 701 2438 een.
718 2387 824 2452 alrami
841 2393 913 2444 unt:
927 2387 979 2437 duo
996 2385 1051 2448 elii,
1067 2385 1158 2436 oborti
1173 2385 1287 2434 ’πή-4
1304 2381 1423 2432 Horte‘iiu

277 2473 280 2477 ·
322 2461 368 2496 rea·
379 2445 495 2509 Pighius,
512 2450 580 2510 qnod
601 2453 709 2501 mutavit
727 2454 882 2501 Torren-i
899 2452 941 2500 ltu
960 2450 1037 2514 Pigh-
1059 2463 1117 2498 cum
1140 2455 1216 2498 entee
1235 2449 1374 2558 lei-oretur,
1395 2447 1423 2496 ire

323 2511 403 2559 eodem
413 2509 601 2560 mettium-o
618 2513 659 2560 lte
670 2514 765 2561 Brend.
780 2518 802 2562 1.
815 2518 839 2563 2.
851 2513 913 2561 Per.
930 2516 953 2560 1.
972 2513 997 2560 in
1014 2525 1095 2573 marg.
1112 2517 1140 2559 et
1156 2524 1243 2558 omnen
1282 2510 1425 2573 orrenieul,

323 2590 383 2626 curn
395 2573 453 2626 edd·
469 2581 531 2626 nntc
542 2575 671 2638 Pigtinru,
680 2577 723 2638 qui
735 2591 768 2624 ox
785 2578 841 2624 see.
858 2583 887 2624 et
900 2575 984 2622 Putnr.
995 2575 1113 2634 dederat,
1124 2577 1149 2622 et
1159 2579 1238 2622 terren
1246 2572 1334 2636 potuit,
1350 2575 1421 2636 qnod

323 2639 404 2689 lrabet
416 2640 475 2688 Per.
493 2643 516 2687 1.
532 2638 558 2688 in
570 2647 654 2689 textu.
686 2641 759 2689 Lect.
771 2647 884 2688 nostrum
896 2638 1028 2687 revocarit
1037 2638 1192 2686 Torren-t
1210 2637 1286 2686 Harl.
1297 2637 1424 2688 mulierum

322 2705 424 2752 dumet
442 2703 513 2752 auen
529 2703 630 2767 eoepitir
652 2703 725 2752 Leid.
746 2710 828 2767 quart.
846 2709 873 2751 et
891 2709 957 2750 sext.
976 2703 1099 2749 matrerm
1117 2702 1218 2748 duorum
1235 2701 1311 2748 attere
1326 2706 1423 2761 mater,-

322 2766 418 2829 Copee.
433 2768 557 2818 mom
578 2770 677 2818 dum
691 2769 766 2817 alten
787 2767 886 2830 respitii
903 2764 971 2829 quod
992 2764 1074 2827 poerit
1091 2764 1214 2826 placere:
1236 2769 1336 2814 matrem
1351 2766 1422 2816 eninr

321 2826 402 2877 fuieee
413 2843 444 2876 ex
457 2829 547 2879 addito
550 2831 606 2896 fllia
617 2831 770 2895 intelligitur
780 2847 787 2880 z
805 2830 841 2879 eie
853 2843 955 2894 qnoque
966 2829 1033 2877 Ven.
1045 2827 1153 2877 Mediol.
1165 2826 1273 2877 Arcena.
1282 2829 1328 2877 eed
1337 2827 1421 2878 Aldus

320 2893 398 2942 elien
416 2893 507 2944 κάη)
522 2895 629 2947 Torren.
660 2897 725 2945 Mox
744 2895 891 2958 complures
910 2891 985 2942 codd.
996 2891 1066 2952 secto
1083 2891 1160 2954 omia,
1180 2900 1210 2941 ut
1230 2891 1256 2940 in
1276 2891 1335 2942 edd.
1353 2901 1421 2942 vett.

322 2964 384 3008 note
395 2953 471 3021 Pigh.
488 2957 515 3008 in
523 2960 648 3010 omittunt
660 2961 747 3023 volgg.
758 2965 865 3008 cervant
876 2956 952 3006 codd.
964 2970 1022 3006 cunr
1035 2957 1107 3032 Meg.
1118 2962 1146 3005 et
1160 2954 1316 3006 Arcana—8
1325 2955 1421 3021 Ultrej.

321 3025 348 3070 8.
360 3029 389 3071 et
400 3023 472 3086 Mog.
482 3028 565 3071 merto
574 3023 696 3074 resideret.
728 3023 760 3072 ln
771 3024 822 3072 tine
834 3023 871 3072 Co
891 3036 928 3070 ee.
946 3023 1170 3084 conmanunt-9
1186 3019 1232 3068 Sed
1242 3020 1319 3068 rainer
1333 3019 1421 3070 mirum

323 3085 420 3151 Ultrej.
433 3091 521 3138 1.-1o
538 3086 608 3138 Ante
618 3088 735 3152 Pisstrlun
747 3087 802 3137 fere
814 3088 856 3148 leg
907 3094 948 3134 rur
960 3085 1040 3134 reue.
1052 3085 1117 3134 Mne.
1130 3091 1158 3133 nt
1170 3085 1196 3133 in
1208 3085 1256 3133 troc
1267 3085 1420 3148 cognomine

322 3147 459 3216 fluctuant,
475 3152 558 3216 Telon,
569 3153 653 3217 Gaba,
666 3153 755 3202 llatae
771 3151 939 3210 exluibentee3
956 3149 994 3200 eic
1008 3148 1126 3214 plerique
1139 3149 1228 3202 rtem
1242 3151 1322 3200 omi
1332 3150 1421 3212 college

814 3291 922 3342 NOTAE

354 3404 490 3452 *Nattae
506 3407 579 3470 tatae]
596 3407 701 3471 Duplex
717 3407 751 3456 de
766 3411 850 3456 morte
891 3403 1170 3468 velet‚qnod‘mortue
1181 3403 1419 3467 r'qnemvieerani·

324 3477 430 3527 Hostilii
439 3481 585 3530 cententio:
602 3483 648 3532 alii
667 3483 733 3531 enlin
751 3481 784 3531 ob
806 3493 850 3532 ne·
889 3495 956 3543 mue,
966 3486 995 3530 ut
1004 3480 1092 3545 placet
1101 3478 1200 3536 Servio,
1212 3478 1279 3528 idern
1292 3480 1334 3542 eit,
1345 3482 1415 3544 quod

322 3553 433 3614 glectnrn
452 3555 848 3615 quornndemrnerornmcuram
889 3564 1023 3618 mortnue;
1063 3555 1222 3606 exanimetur
1253 3568 1315 3603 vero
1346 3555 1415 3608 iden

321 3641 379 3676 cum
388 3624 548 3676 totnfnmilia
557 3626 731 3692 conflagrante
740 3630 847 3692 volunt,
888 3631 955 3697 quod
968 3633 1084 3682 territur:
1101 3631 1213 3681 nicenim
1219 3630 1344 3693 Virgilius
1356 3633 1417 3684 AEn.

321 3701 365 3750 elii
382 3702 466 3764 ignem
482 3701 581 3751 edibus
598 3704 676 3767 reglis
692 3705 847 3768 subjectum,
887 3723 907 3759 1.
917 3712 976 3761 488.
1009 3711 1304 3773 ‘Exanimurnquenuro
1320 3722 1415 3772 corpus

321 3791 490 3842 eperrumque
507 3775 659 3830 deinlrnine
674 3783 847 3832 rumoremnb
886 3785 1020 3836 vendebat
1031 3784 1164 3838 Achilles!
1199 3782 1417 3834 cinnanos.

321 3851 396 3902 Anco
415 3852 526 3916 Marcio,
541 3868 600 3904 cunr
619 3869 647 3904 eo
670 3855 791 3921 Pompilii
812 3872 847 3908 ex
887 3860 1063 3913 ‘Exanimte
1074 3875 1183 3928 nequens
1199 3860 1353 3925 impingeret
1370 3875 1415 3923 ug·

318 3927 374 3978 lilie
390 3937 514 3993 nepotem
525 3943 606 3992 regno
617 3931 714 3994 privari
728 3932 845 3997 indigne-
886 3935 956 3984 rnine
973 3938 1071 3988 muris!

319 4010 403 4052 mili·
918 4016 929 4062 t
946 4010 998 4060 An.
1009 4013 1048 4062 M.
1059 4018 1133 4063 8887.
1149 4012 1191 4064 ol.
1202 4015 1257 4062 1⁴⁰.
1265 4015 1289 4061 4.
1306 4009 1370 4059 Urb.
1382 4007 1416 4059 C.

353 4075 368 4106 “
385 4076 435 4130 Αη.
446 4080 485 4128 Μ.
498 4083 571 4131 8414.
593 4082 636 4132 01.
648 4087 687 4134 tt.
706 4089 729 4135 1.
741 4081 805 4133 Udi.
814 4083 845 4134 C.
886 4089 943 4136 886.
957 4085 1019 4137 Ant.
1031 4088 1076 4137 Ch.
1087 4093 1147 4138 nlo.

322 4152 376 4198 itt.
389 4151 453 4202 Aut.
465 4155 511 4205 Clr.
522 4161 581 4206 ott.
917 4169 928 4194 ⁰
943 4163 1070 4214 tomus
1082 4163 1183 4230 mnu]
1198 4161 1268 4216 liele
1283 4159 1414 4214 enonnul·

354 4224 529 4281 ”hormu-
548 4234 594 4297 ert]
624 4234 683 4286 Hoc
699 4236 758 4286 loco
777 4233 846 4284 idem
886 4237 916 4292 tle
928 4241 1036 4288 uocetur
1047 4237 1135 4292 uene.
