3080 5106
479 397 643 447 camvrr.
669 399 717 446 uu
740 397 927 448 aurorum.
1186 377 1248 458 481

205 539 238 604 3.
261 539 300 604 L.
315 545 423 602 autem
440 536 622 618 Rbegiuus,
647 539 677 600 si
698 537 741 600 ad
756 537 900 603 debitam
914 539 1052 622 publico
1068 543 1248 610 ministerio

166 642 392 706 sinceritatem
412 639 574 720 exigatur,
591 640 802 722 posteritatis
816 642 969 704 convicio
984 642 1199 710 lacerandus:
1221 647 1251 712 si

167 743 326 808 amicitiae
350 739 417 804 lide
429 749 454 790 ¹⁹
481 741 620 822 pignore
648 742 839 814 aestimetur,
865 741 900 802 in
925 745 1051 824 optimo
1074 746 1252 810 laudabilis

166 844 381 914 conscientiae
396 849 494 924 portu
509 843 745 924 relinquendus
761 842 837 905 ests
869 840 1032 908 Tribunus
1042 847 1128 908 enim
1142 847 1252 928 plebis

167 941 376 1028 Caepionemi
396 947 431 1008 in
446 963 609 1008 carcerem
634 943 834 1026 conjectum,
863 942 952 1024 quod
981 944 1070 1008 illius
1098 949 1253 1028 culpe²0l

165 1047 329 1110 exercitus
344 1051 457 1109 noster
471 1065 493 1108 a
507 1044 650 1108 Cimbris
666 1051 701 1107 et
714 1043 879 1106 Teutonis
891 1049 915 1080 ²¹
931 1043 1253 1126 uidebaturdeletus,

164 1147 283 1210 veteris
298 1153 468 1228 arctaeque
482 1146 636 1209 amicitiae
654 1165 787 1222 memor,
810 1145 951 1226 publice
966 1144 1120 1208 custodia
1135 1147 1254 1212 libera-

166 1243 255 1312 rit:k
277 1267 338 1311 uec
352 1249 512 1312 hacteuus
522 1254 549 1282 ²²
572 1250 718 1312 amicum
733 1247 842 1328 egisse
865 1251 1055 1322 contentus,
1079 1247 1177 1310 etiam
1204 1249 1254 1313 fu-

166 1367 217 1430 gae
231 1348 305 1430 ejus
321 1366 433 1411 comcs
449 1347 603 1410 accessit.
646 1347 715 1408 Pro
738 1363 904 1426 maguum,
931 1350 965 1408 et
986 1345 1254 1430 inexsuperabile

166 1457 261 1514 tuum
287 1468 420 1525 numen,
445 1446 623 1510 Amicitia!
646 1465 723 1509 cum
745 1465 789 1509 ex
811 1445 916 1510 altera
941 1453 1033 1530 parte
1061 1451 1255 1530 respublica

166 1569 301 1615 manum
317 1549 476 1633 injiceret,
502 1567 548 1611 ex
570 1547 671 1612 altem
694 1553 754 1610 tue
776 1546 871 1609 illum
885 1545 1023 1611 dextera
1038 1549 1197 1630 traheret,
1220 1561 1255 1616 et

166 1652 238 1728 illa,
249 1658 289 1714 ut
302 1657 536 1714 sacrosanctus
552 1669 627 1714 esse
639 1649 751 1725 vellet,
767 1649 935 1729 erigerem
959 1653 993 1710 tu
1018 1649 1155 1712 exilium
1171 1652 1255 1716 iudi-

169 1763 302 1816 ceres:¹
322 1750 425 1836 (adeo
450 1751 574 1816 blando
602 1751 702 1816 uteris
731 1747 891 1834 imperio)
912 1748 1114 1833 supplicium
1142 1749 1255 1817 honori

167 1851 380 1937 praetulit.²³'

198 2066 215 2112 s
227 2067 256 2117 at
273 2071 420 2146 examinetur
436 2071 558 2120 recemum
571 2071 634 2132 teges
650 2067 773 2130 offitia,
789 2081 835 2117 sos
851 2067 1025 2129 vituperandus,
1043 2067 1113 2115 immo
1130 2066 1259 2116 hetorum

171 2133 529 2258 mrffisbvfflrrugmt,
537 2202 563 2245 st
575 2195 616 2246 ille
629 2197 759 2260 liiega'sus,
768 2210 819 2246 cem
830 2195 946 2244 manas
956 2199 1023 2258 esset,
1033 2195 1098 2244 sebe
1105 2207 1174 2257 penu
1182 2199 1258 2258 pauet

171 2259 242 2324 apici,
252 2265 279 2310 te
290 2261 424 2312 inexilium
432 2261 497 2311 illem
507 2262 609 2324 ajam
651 2289 662 2312 ο

610 2361 616 2372 t
627 2383 699 2404 ΝΟΜ
703 2381 806 2404 nune

171 2481 255 2532 Bitur.
268 2487 291 2531 l.
303 2481 764 2538 exbibetestieitioeeomlitieeem-—lb
774 2482 855 2532 Berb.
865 2487 889 2531 1.
897 2480 1147 2546 mdcitiefidoeettl
1158 2481 1259 2531 Reiues.

171 2546 203 2594 ed
215 2545 325 2608 Rupert.
338 2562 363 2608 p.
375 2551 430 2596 1⁰2.
441 2548 517 2610 legit,
535 2548 599 2596 illius
616 2548 694 2610 petris
711 2549 850 2609 culpa-21
868 2545 912 2594 lte
928 2547 1042 2594 nonurrlli
1063 2543 1139 2593 codd.
1155 2545 1260 2596 'l'orrem

173 2607 324 2670 Temenites,
342 2611 381 2659 rel
393 2609 550 2659 Tbeutoaibes
568 2611 593 2658 ln
613 2611 671 2659 aliis
690 2610 822 2674 ejusdem
840 2610 943 2674 qrridem
956 2610 1042 2670 etium,
1056 2607 1261 2658 recantata—ea

170 2672 213 2721 Sic
225 2674 358 2736 rescripsit
369 2673 510 2723 Torreuius
516 2673 668 2736 jubentibus
679 2673 753 2724 coriti.
765 2689 824 2724 euru
835 2675 895 2722 Vct.
908 2681 935 2722 et
951 2675 1022 2736 Meg.
1043 2673 1119 2733 vulgo
1138 2671 1265 2720 edebatur

171 2739 339 2784 autenm-2³
355 2737 398 2786 Sic
414 2738 474 2787 Vct.
492 2752 550 2787 cum
570 2739 669 2801 majore
689 2747 762 2800 perte
784 2739 848 2786 blas.
882 2737 986 2799 Vulgo:
1010 2737 1070 2799 qaod
1088 2737 1110 2784 ia
1126 2736 1266 2799 suppliciam

173 2799 254 2847 imeri
263 2800 404 2863 proetmerit.
436 2801 560 2851 Nostram
571 2801 708 2852 lectionem
721 2802 831 2864 primum
843 2801 868 2848 in
880 2807 979 2867 textum
996 2800 1094 2862 recepit
1105 2801 1267 2850 Veratius.-

669 2940 775 2990 NO'l'lE

204 3061 213 3094 ¹
230 3062 373 3126 capim]
390 3063 424 3114 Q.
441 3061 578 3110 Servilium
599 3058 699 3122 Caepio·
740 3065 770 3109 ut
792 3063 821 3107 ut
841 3061 890 3120 est,
905 3056 1057 3120 abrogatum
1075 3057 1114 3106 illi
1132 3059 1266 3122 imperium

176 3147 245 3196 uem,
259 3136 304 3200 qui
315 3135 418 3184 Praetor
429 3135 566 3185 Lusitanos
587 3134 699 3185 vicerat:
741 3135 808 3197 l'uit3
831 3137 885 3199 ejus
907 3135 973 3185 boue
995 3133 1138 3198 publicata,
1160 3136 1268 3199 ipseque

176 3207 271 3260 Gousrss
281 3225 338 3260 cum
347 3211 495 3274 Tectosagis
506 3211 601 3261 bellum
611 3211 701 3276 gessit,
742 3212 875 3276 conjectus
887 3211 912 3259 iu
926 3223 1065 3260 carcerem.

175 3291 203 3336 et
218 3293 322 3337 centum
342 3288 423 3336 millia
442 3286 528 3352 pendo
547 3287 601 3336 euri
617 3294 644 3336 et
663 3301 701 3336 er·
774 3286 786 3319 ¹
805 3287 918 3336 custodie
929 3285 1051 3350 liberavit]
1068 3284 1126 3334 Non
1141 3283 1191 3333 sibi
1207 3297 1267 3334 cou-

174 3363 245 3426 geuti
251 3362 367 3412 Tbolosoe
376 3363 615 3426 abstulitetemplo
624 3361 703 3426 Apol·
742 3369 794 3413 stat
804 3365 940 3414 Valerius:
957 3377 1016 3412 curu
1028 3363 1072 3412 lib.
1085 3375 1125 3412 vr.
1143 3375 1167 3412 c.
1180 3359 1267 3410 11.ᾱί-

175 3436 248 3486 liuis:
261 3444 314 3487 tum
325 3437 467 3489 Proconsul
478 3438 590 3488 Gellium
601 3437 702 3488 obtine·
743 3445 788 3488 cet
805 3440 831 3488 in
851 3452 957 3490 carcere
976 3445 1104 3497 necatum,
1124 3448 1268 3498 corpusque

175 3512 230 3576 bat,
250 3528 308 3563 cunr
328 3528 344 3562 a
362 3514 474 3564 Cimbris
495 3513 578 3564 rictus
597 3521 651 3562 eet:
669 3511 703 3561 rle
743 3527 790 3576 per
801 3513 939 3564 Gemonias
951 3514 1032 3563 scales
1043 3527 1109 3564 uuco
1120 3517 1230 3561 tractum
1243 3510 1272 3558 lu·

176 3589 249 3650 eujus
270 3588 344 3638 clude
366 3589 523 3639 commodior
542 3589 594 3639 erit
613 3597 705 3652 postea
743 3588 869 3638 Tiberim.
911 3589 985 3639 illum
1008 3597 1094 3638 tamen
1121 3587 1220 3650 pubem
1242 3585 1269 3636 in

177 3663 362 3724 egendilocus.
745 3664 850 3714 exilium
873 3665 981 3715 similius
1001 3679 1062 3714 vero
1079 3662 1190 3725 ridetur,
1209 3677 1269 3712 cum

209 3735 218 3779 ³
235 3739 303 3793 Quod
314 3740 377 3789 illies
387 3739 466 3803 calpe]
483 3737 567 3788 Aliam
579 3737 622 3788 alii
634 3737 704 3786 dem·
745 3753 803 3788 euru
812 3740 927 3802 Smyrna
940 3739 1057 3789 exulasse
1073 3743 1185 3787 testetur
1196 3738 1270 3786 Cice·

176 3814 290 3862 ustionis
312 3829 413 3864 caueam
435 3814 563 3865 efferunt:
589 3814 705 3864 nonnulli
746 3828 774 3863 ro
786 3814 811 3862 in
823 3813 899 3864 Orat.
911 3828 961 3877 pre
978 3815 1008 3864 L.
1022 3812 1119 3872 Belbo;
1137 3811 1269 3862 etStrebo

177 3886 212 3937 ob
223 3887 308 3951 legem
319 3885 510 3939 frumentariam
529 3890 561 3940 ab
578 3903 610 3938 ee
628 3889 705 3940 Qua·
747 3894 849 3950 turpem
867 3889 893 3937 iu
911 3888 989 3938 exilio
1006 3895 1112 3938 mortem
1131 3887 1269 3952 oppetiisse

178 3969 249 4013 store
263 3961 370 4025 pervim
382 3963 557 4025 repudiatam
569 3963 706 4013 Straboob
746 3961 852 4010 scribet.

178 4043 280 4103 ruptum
302 4051 351 4100 per·
375 4050 498 4085 surrrruum
521 4036 594 4087 nefas
615 4051 705 4086 eurum
779 4035 794 4066 ⁸
811 4036 860 4086 Au.
878 4037 1000 4088 meatu.
1027 4037 1071 4088 Ol.
1088 4041 1178 4095 lomi.
1203 4037 1269 4088 Urb.

179 4113 348 4174 Tolosanum
366 4113 482 4177 plerique
496 4113 528 4163 eb
540 4120 672 4178 receptam
690 4127 705 4160 a
747 4113 778 4163 C.
789 4117 846 4164 ote.
874 4112 935 4164 Aut.
949 4113 1047 4164 (3.104.

181 4188 290 4239 Cimbris
312 4189 411 4240 cladem
430 4189 577 4240 demnatum
601 4191 703 4240 volunt:
1028 4189 1031 4194 '

246 4269 332 4331 Delplt.
341 4275 365 4319 ct
379 4271 436 4322 Ver.
448 4271 511 4321 clue.
662 4269 713 4321 vat
726 4269 794 4318 Mae.
1146 4275 1161 4320 2
1180 4271 1205 4318 ll
