3234 5110
299 429 365 494 oro
600 440 759 491 vinnan
785 439 931 488 nnxrrrr
958 437 1028 486 nm.
1055 437 1101 487 vr.

299 593 458 658 niiestum
474 593 553 667 eret,
568 588 644 652 illos
658 581 788 651 vitandi
802 585 978 668 presentis
993 582 1130 667 periculi
1150 579 1258 665 matie
1270 581 1392 648 fulsum

280 695 476 777 'legationis
499 710 617 756 nomen
641 688 812 771 amplecti,
833 693 873 750 ut
897 685 1042 750 Romani
1064 686 1273 769 imperatoris
1284 693 1310 734 ¹⁷
1331 705 1393 769 po-

301 799 368 861 tius
383 796 525 877 decepta
538 794 634 870 fides,
645 809 747 874 quarn
762 789 884 854 frustra
898 789 1073 871 implorata
1083 787 1303 871 judicaretur.

342 903 374 964 5.
399 899 693 980 Repraesentemus
706 895 808 957 etiam
822 891 905 956 illud
930 895 1065 955 senatus
1078 889 1172 954 nullo
1191 889 1292 952 modo
1308 907 1393 971 pree-

297 981 540 1066 termittendum
549 998 573 1036 ¹⁸
596 1015 693 1079 opus.
736 993 882 1076 legatos
897 993 941 1057 ab
955 993 1037 1056 urbe
1054 991 1234 1075 Apollonio
1248 990 1392 1054 Romam

298 1104 433 1180 missos,
464 1099 532 1179 Qu.
549 1099 674 1164 Fabius
701 1103 733 1160 et
755 1097 818 1160 Cn.
834 1094 1007 1177 Apronius
1031 1093 1187 1168 minoem
1208 1097 1281 1156 orta
1311 1109 1392 1154 con·

297 1205 457 1280 tentione,
477 1203 705 1284 pulsaverunt.
750 1193 854 1272 Quod
869 1197 927 1257 ubi
949 1197 1123 1276 comperit,
1149 1195 1306 1258 continuo
1331 1207 1391 1255 eos

297 1317 356 1388 per
370 1304 506 1369 feciales
520 1299 639 1380 legatis
655 1293 795 1372 dedidit,
818 1299 1111 1377 ‘quaestoremque
1126 1309 1201 1356 cum
1215 1293 1267 1356 bis
1283 1293 1392 1356 Brun·

298 1405 426 1469 dusium
442 1403 509 1465 ire’
526 1401 649 1483 jussit3
683 1415 726 1461 ne
740 1415 841 1480 quam
865 1397 900 1459 in
920 1393 1039 1460 itinere
1058 1391 1246 1475 aeognaris
1260 1392 1391 1457 dedito·

195 1502 201 1508 ’
297 1527 368 1569 rum
392 1503 544 1587 injuriam
567 1501 771 1583 acciperent.
816 1498 919 1562 Illam
941 1496 1079 1560 Curiam
1102 1494 1293 1558 mortalium
1316 1494 1391 1575 quis

296 1607 516 1681 concilium,¹⁰
537 1623 578 1666 ac
600 1621 666 1666 non
684 1600 781 1668 Fidei
796 1600 954 1682 templum
971 1598 1119 1662 dixerit'l
1153 1595 1268 1675 Quam
1291 1601 1331 1658 ut
1344 1595 1391 1657 ci-

293 1707 384 1770 vitos
399 1713 509 1770 nostre
523 1723 655 1786 semper
668 1703 846 1783 benignam
872 1699 1041 1784 praestitit,
1061 1699 1109 1763 its
1128 1698 1199 1762 in²¹
1223 1697 1389 1760 sociorum

294 1825 430 1890 quoque
445 1807 566 1870 animis
580 1811 789 1870 constantem
802 1803 1007 1886 recognovit.

746 2004 939 2053 nx'rssnnn.

339 2153 369 2216 1.
393 2152 483 2216 Nem
506 2158 583 2235 post
606 2146 805 2214 duorumnh
826 2149 860 2213 in
887 2148 1058 2232 Hispania
1079 2147 1289 2231 Scipionum,
1310 2147 1389 2211 toti·

294 2253 437 2337 demque
462 2253 610 2316 Romani
634 2251 800 2334 sanguinis
826 2252 1033 2315 exercituum
1058 2249 1283 2314 miserabilem
1303 2256 1389 2314 stro·

294 2376 378 2440 gem,
394 2354 571 2437 Saguntini
585 2354 781 2420 victricibus
796 2353 1001 2418 Hannibalis
1015 2350 1131 2418 turnisi
1162 2353 1250 2416 intre
1261 2351 1389 2415 moenia

750 2499 930 2522 ”m

293 2613 319 2662 iu
331 2611 411 2660 Barb.
423 2615 448 2660 ².
465 2609 606 2674 ascriptum
618 2618 659 2661 ert
676 2611 759 2661 literis
775 2611 949 2662 minutissimis
965 2617 1088 2675 tanquam
1106 2610 1200 2674 giem.
1234 2609 1318 2660 Paulo
1329 2615 1390 2672 post

293 2677 354 2725 Vct.
371 2677 504 2725 cambeiam
515 2677 637 2738 amplecti:
655 2675 724 2725 unde
735 2676 805 2741 lips.
816 2677 884 2740 conj.
894 2677 1023 2725 volobrica
1032 2673 1152 2788 ‘W‘
1185 2672 1223 2724 At
1233 2673 1293 2723 ride
1303 2674 1387 2723 Tecit.

293 2738 362 2790 Aen.
373 2753 392 2789 r.
404 2744 428 2790 2.
446 2746 473 2788 et
485 2739 539 2789 cre.
550 2740 584 2789 de
603 2741 637 2791 N.
648 2741 684 2788 D.
697 2753 717 2790 1.
729 2745 833 2790 lm-li
850 2741 915 2804 (lep.
926 2747 1035 2803 uterque
1077 2739 1118 2788 ed.
1130 2737 1210 2788 lietb.
1227 2738 1301 2802 prim.
1313 2737 1388 2787 llari.

292 2805 347 2853 Bit.
358 2818 411 2854 sec.
429 2802 504 2853 Leid.
515 2805 591 2868 prim.
611 2815 638 2854 et
650 2805 712 2854 Vei.
731 2805 832 2854 Romi
843 2803 957 2868 impedi.-
971 2804 1048 2853 deest
1064 2804 1142 2867 petius
1158 2803 1185 2851 in
1201 2803 1295 2865 Ultroj·
1312 2802 1387 2866 print.

291 2872 357 2917 -18
374 2869 457 2917 Bitnr.
471 2873 493 2916 1.
509 2869 771 2931 palummum-lo
786 2869 915 2932 ‘Pigbins
926 2868 1015 2918 ediles
1029 2878 1090 2917 tnnc
1107 2881 1151 2917 eos
1168 2863 1247 2916 sins
1258 2868 1351 2917 rutnit
1360 2867 1388 2916 ie

292 2932 364 2981 Fert.
380 2931 413 2981 ed
429 2947 471 2981 sn.
481 2936 539 2983 187.
571 2933 624 2983 llic
642 2941 729 2982 temen
748 2934 804 2997 ipse
821 2933 915 2993 edidit,
931 2933 1035 2982 edilitii.
1070 2931 1148 2984 Qnod
1160 2931 1388 2980 iuvenioinllsrl.

291 2996 387 3062 Uitraj.
408 2997 484 3062 prim.
506 3004 535 3046 et
556 2995 629 3047 netu.
650 2998 733 3061 quint.
766 2998 890 3048 Nonnulli
908 2998 1012 3056 nubem,
1030 2997 1063 3046 G.
1082 2995 1219 3060 Aprustum·
1235 2994 1385 3045 leidrat.

291 3059 399 3110 Murus.
433 3060 571 3111 decentius
581 3069 656 3112 notat
666 3063 731 3112 elios
743 3069 829 3112 textus
842 3063 937 3112 bebere
943 3061 1101 3124 weiss.
1135 3059 1214 3110 illiniti
1224 3059 1387 3110 Meneclem

290 3126 498 3202 conjunctionem
515 3132 551 3202 et,¹
565 3125 637 3175 Med.
648 3140 701 3176 sec.
720 3133 775 3176 orto
790 3127 926 3188 interipeoe
935 3125 1099 3176 molestiora!
1112 3126 1221 3174 'l'orrem
1254 3125 1318 3202 llos
1335 3124 1385 3186 pul·

289 3194 400 3302 'itii‘
411 3189 1386 3319 ttzfttt'tnitl‘tttislslttlt‘istlllzlltmz

291 3324 357 3366 sext.
390 3319 508 3369 Qtrutnor
519 3319 585 3368 Mos.
602 3333 688 3381 omn,
705 3319 773 3368 unde
783 3319 924 3368 'l'orrenins
935 3319 1082 3382 streplcutnr
1092 3320 1226 3367 «πω-11
1245 3316 1311 3365 lidd.
1326 3323 1387 3366 unte

292 3381 426 3443 Pigbiom:
444 3385 481 3431 ito
491 3384 563 3431 etium
570 3383 605 3443 in,
614 3385 655 3444 ie.
667 3383 712 3432 sed
723 3382 754 3431 ri
764 3383 836 3432 etiosa
846 3399 898 3432 non
909 3383 1018 3433 iubetur
1028 3383 1054 3430 ln
1066 3381 1207 3431 cedd-m
1218 3381 1279 3430 Poe
1288 3383 1386 3428 merear

291 3459 378 3493 omnes
390 3444 445 3495 fere
457 3446 534 3495 codd.
552 3454 579 3495 et
596 3448 656 3496 edd.
673 3457 735 3498 ente
752 3448 884 3510 Pighium,
899 3447 944 3512 qui
962 3447 988 3496 in
1006 3447 1097 3509 (lamp.
1118 3445 1233 3495 invenit:
1252 3446 1317 3494 Nom
1331 3448 1385 3507 poet

290 3509 388 3558 &orum
396 3525 406 3566 ,·
422 3509 505 3559 edidit
516 3517 618 3560 tamen:
637 3512 703 3560 Num
713 3517 769 3561 onte
779 3513 887 3573 mem,
906 3519 995 3560 centn
1007 3525 1096 3559 onmes
1109 3508 1184 3559 codd.
1205 3509 1248 3573 qui
1266 3515 1385 3558 constan·

292 3579 331 3620 ter
341 3573 436 3623 babent
450 3579 518 3638 port:
536 3575 611 3638 pauci
623 3575 698 3624 codd.
711 3575 834 3625 exhibent
845 3576 917 3625 Nom.
951 3575 1096 3624 Dissentire
1106 3581 1193 3624 sutem
1203 3573 1244 3623 iric
1253 3573 1384 3623 Valerium

787 3737 892 3789 NOTAE

322 3863 335 3898 ¹¹
351 3867 410 3916 Post
421 3869 519 3917 &mm
533 3869 601 3933 [ente
609 3867 719 3931 deor-md
735 3867 819 3931 Vulgo
895 3865 1054 3922 ¹Honsiirulis
1063 3863 1148 3927 eae]
1164 3864 1233 3914 Belli
1245 3863 1385 3914 renovandi

289 3943 385 4008 legitur
394 3946 456 3994 Post
465 3947 572 4008 deorum,
582 3949 622 4009 le.
639 3947 682 4010 qui
700 3944 819 3996 manifes-
859 3940 969 4005 cupidus
980 3941 1118 4004 Hannibal,
1127 3939 1284 4004 Saguntinos
1294 3939 1385 3988 liemo-

291 4024 424 4070 insertor.
457 4021 523 4073 Quis
534 4024 603 4073 enim
620 4021 704 4073 nescit
719 4023 817 4085 Sagun·
858 4032 948 4068 norum
957 4013 1388 4081 socioseggrediturrjsmqnedir·

290 4097 344 4142 tum
367 4094 400 4145 ab
420 4095 568 4147 Hannibale
588 4105 649 4148 aute
669 4097 818 4161 Scipionum
853 4096 933 4160 jectis
944 4095 1060 4146 turribus
1071 4102 1098 4146 et
1109 4095 1188 4146 muris
1198 4107 1287 4159 pacem
1298 4089 1386 4154 offert,

291 4165 391 4218 cladem
411 4181 588 4234 expugnatum
604 4187 671 4235 esse,
687 4187 745 4222 cum
758 4172 818 4222 inde
859 4173 934 4222 modo
946 4173 1079 4223 diruerent
1094 4172 1229 4237 oppidum,
1243 4183 1384 4233 eurumque

290 4250 374 4292 ortum
384 4243 516 4295 sitbeilum
527 4248 655 4298 Punicum
665 4249 819 4300 secondum?
858 4257 885 4298 et
898 4256 1106 4312 argentoriamet
1117 4249 1246 4311 privatum
1255 4255 1309 4296 turn
1322 4245 1384 4308 pub·
