3080 5106
287 407 369 458 osu.
385 407 419 456 v.
442 408 492 457 nn
515 405 806 458 nsusvonuurm
832 405 1051 456 urrunnun.
1155 391 1221 460 tlt

127 552 203 635 ipso
216 557 340 630 mmen,
355 569 424 634 quc
438 551 507 618 vita
519 557 554 616 et
566 570 658 616 mors
677 549 900 632 distinguitur,
913 537 1093 627 momento,
1115 549 1221 632 ‘legi-

127 671 209 716 ones
224 672 299 716 cum
324 652 510 734 insignibus
532 651 603 715 suis
624 651 715 716 freni
738 651 873 716 obviam
894 649 1084 735 procedere’
1100 651 1219 735 jussit,

127 760 190 821 ‘ut
202 755 379 838 imperator
392 751 616 817 salutaretur?
660 749 829 835 Praeeepit
845 759 871 802 ¹⁹
889 753 1000 832 etiam,
1022 752 1163 817 ‘dextra
1178 755 1219 818 ,in

126 863 220 939 parte
235 855 430 938 prmtorium
450 854 483 917 ei
506 853 631 932 statui,'
644 862 678 918 et
698 853 901 926 ‘consulare
917 859 951 918 et
972 855 1220 938 imperatorium

126 973 246 1020 nomen
268 951 431 1020 obtinere'
447 953 565 1020 voluit.
608 953 803 1037 Eodemque
827 960 990 1037 tempore,
1016 960 1050 1019 et
1070 955 1222 1020 fretemae

126 1055 294 1139 majestati
305 1055 419 1133 cessit,
430 1061 463 1120 et
478 1055 545 1120 vita
560 1056 735 1120 excessitt
763 1054 830 1121 His
844 1056 916 1120 scio
932 1056 1089 1138 equidem
1099 1055 1222 1121 nullum

125 1157 218 1221 eliud
240 1176 336 1240 quam
361 1155 513 1251 Gestoris
536 1165 570 1225 et
592 1158 747 1224 Pollucis
771 1158 939 1240 specimen
966 1156 1222 1238 consanguinem

125 1257 274 1322 caritatis
289 1259 519 1323 convenienter
533 1258 637 1338 adjici
651 1275 767 1338 posse.
782 1263 809 1293 ²⁰

165 1359 196 1422 4.
218 1357 287 1423 Sed
299 1358 410 1422 omnis
420 1355 588 1420 memoriae
599 1355 795 1418 clarissimis
806 1356 1059 1439 imperatoribus
1069 1357 1222 1441 profecto

122 1460 265 1523 nouerit
278 1458 459 1538 ingratum,
474 1461 499 1496 ²¹
525 1455 555 1520 si
576 1455 693 1520 militis
716 1473 845 1520 summa
869 1475 950 1538 erga
971 1456 1102 1520 fratrem
1124 1479 1222 1534 suum

122 1559 234 1639 pietas
247 1557 327 1621 huic
337 1556 512 1622 voluminis
522 1557 611 1640 parti
625 1555 813 1621 adhseserit.
857 1555 894 1620 Is
906 1575 1048 1639 namque
1061 1557 1221 1624 incastris

119 1658 184 1728 Co.
200 1656 375 1741 Pompeiil
388 1658 554 1743 stipendia
568 1677 741 1741 peragens,
761 1677 835 1722 oum
850 1656 1073 1722 Sertorianum
1086 1657 1222 1724 militem

123 1761 235 1824 acrius
249 1760 315 1824 sibi
329 1760 364 1824 in
380 1761 490 1825 acie²¹
504 1760 681 1824 instantem
701 1760 851 1824 eominus
866 1759 1101 1836 interemisset,
1107 1760 1224 1843 jacen·

121 1867 256 1945 temque
284 1863 465 1946 spoliaret:
497 1868 538 1926 ut
565 1862 701 1926 stettein
731 1879 925 1943 germanum
953 1879 1028 1926 esse
1057 1862 1224 1940 cognovit,

121 1963 263 2028 multum
278 1983 319 2029 ac
342 1964 401 2030 (liu
417 1965 566 2030 convitio
582 1964 675 2030 Deos
684 1969 710 2010 ²³
735 1963 780 2027 ob
802 1962 929 2026 donum
942 1962 1057 2045 impiae
1069 1962 1223 2028 uictoriae

121 2063 309 2142 insecutus,
324 2071 354 2114 ²4
387 2084 495 2149 prope
525 2071 638 2129 castra
671 2063 851 2142 transtulit,
883 2069 919 2127 et
948 2063 1099 2146 pretiose
1127 2071 1224 2128 veste

122 2171 280 2247 opertum
299 2183 382 2247 rogo
404 2165 578 2248 imposuit.
621 2163 675 2228 Ac
701 2163 821 2229 deinde
853 2163 1009 2247 subjecta
1032 2164 1118 2242 sace,
1148 2185 1224 2248 pro»

121 2266 217 2330 tinus
242 2265 359 2331 eodem
381 2266 504 2349 gladio,
525 2285 594 2350 *quo
619 2265 718 2330 illum
742 2265 965 2344 interemerat,
981 2273 1105 2349 peetus
1126 2287 1223 2333 suum

120 2366 425 2434 transverberavit:
457 2385 560 2452 seque
585 2385 687 2451 super
716 2384 840 2449 corpus
867 2365 980 2432 llatris
1006 2374 1224 2450 prostratum,

121 2469 352 2532 communibus
374 2467 516 2534 flammis
539 2469 751 2534 cremandum
777 2467 927 2534 tradidit·
972 2467 1114 2532 Licebat
1127 2469 1222 2550 igno.

120 2569 239 2662 tantiae
261 2569 422 2635 beneficio
444 2570 614 2634 innocenti
630 2571 756 2636 vivere:
778 2571 838 2636 sed
861 2578 900 2636 ut
925 2590 989 2636 sua
1011 2571 1125 2654 potius
1152 2569 1223 2652 pie·

121 2675 208 2836 tege,
221 2689 322 2752 quam
343 2671 451 2736 aliena
465 2671 562 2738 venie
585 2676 745 2749 uteretur,
769 2691 884 2737 comes
899 2671 1053 2738 fraterna
1067 2671 1144 2736 neci
1158 2689 1225 2736 non

120 2771 145 2836 (l
184 2769 243 2835 uit.
257 2780 273 2810 ·

584 2885 764 2908 ΝΙΜΜΜΟ

118 2983 243 3036 31111111
264 2986 346 3034 solum
363 2989 449 3034 tm.
451 2988 516 3034 -19
532 2983 576 3032 lta
595 2981 702 3044 Pighius
712 2997 744 3032 ex
756 2982 833 3034 codd.
863 2981 1013 3033 Perironiur
1025 2990 1147 3046 puuctum
1157 2993 1219 3036 aute

115 3049 238 3114 praeapte
257 3049 339 3108 delet,
356 3055 385 3097 et
403 3055 464 3110 poet
482 3048 550 3096 hane
561 3059 649 3097 vocem
661 3047 744 3109 pouit,
755 3054 834 3111 etque
845 3055 940 3097 entem
952 3049 1148 3111 imperatorem
1158 3051 1223 3099 Vel.

204 3064 421 3160 uectiutrurlitp
432 3110 567 3161 Medica·
585 3125 632 3174 pro
640 3112 784 3161 eoletmetre·
796 3111 875 3161 hebet
894 3113 1091 3162 caederentur.
1122 3112 1225 3162 Deinde

117 3115 633 3238 &instrumentum-ao
650 3175 1225 3250 Bere.1.etMee=e1.aeeeopem·1larr.

115 3238 378 3315 dipudpoeae-lt
391 3181 568 3316 Plerique
536 3240 626 3303 scripti
645 3239 694 3290 hoc
711 3239 823 3290 ordiner
840 3240 964 3301 umen
982 3254 1029 3288 uon
1050 3240 1115 3295 erit:
1140 3239 1221 3290 item:

117 3307 176 3356 brie
197 3306 265 3368 mett
286 3303 416 3352 mutate.
417 3307 481 3354 -11
505 3304 589 3368 Vulgo
609 3312 671 3354 aute
693 3302 845 3366 Pigbium
835 3319 861 3354 tn
883 3304 959 3356 ωίικ
981 3318 1031 3354 non
1073 3303 1225 3354 rubentibus

117 3369 202 3422 codd.
218 3367 359 3430 plerisque.
397 3366 502 3418 Deinde
514 3371 676 3430 memque
685 3368 845 3431 dapem
838 3383 866 3418 rn
877 3369 972 3432 Copee
975 3371 1040 3418 -28
1072 3368 1131 3418 dem
1142 3367 1225 3418 codex

117 3423 418 3574 mmet
434 3431 1225 3562 11131331..“11.10”ῑ.“..11111131111*

119 3564 222 3614 reuiue-

523 3723 525 3731 .
620 3655 729 3707 noun

159 3787 174 3840 r
192 3777 243 3830 An.
253 3779 292 3829 ll.
303 3782 376 3830 4011.
386 3777 430 3831 01.
442 3782 498 3829 m.
510 3783 534 3830 4.
542 3777 608 3831 Urb.
620 3777 651 3828 c.
692 3775 952 3844 memuthujoemodl
970 3776 1101 3840 exempla,
1118 3777 1160 3824 vel
1179 3787 1224 3824 eo·

120 3860 186 3909 ull.
199 3854 354 3907 Ancona.
693 3870 748 3906 rum
771 3857 839 3906 alter
858 3854 976 3906 fallitur:
1003 3865 1072 3919 uter,
1093 3855 1115 3905 el
1131 3853 1224 3919 pensu,

154 3933 169 3967 ¹¹
187 3933 220 3982 ln
231 3932 318 3982 meum
330 3932 377 3982 Cn.
391 3930 508 3994 Pompeis]
519 3929 551 3980 In
561 3929 653 3980 cestrie
693 3933 805 3996 conjice.

123 4009 219 4059 einum
231 4007 259 4057 ld
271 4007 412 4071 contigisse
424 4005 504 4056 tradit
515 4005 657 4056 abbrevia·
727 4006 743 4037 ⁹
758 4005 810 4057 An.
821 4007 861 4057 Μ.
872 4010 946 4058 wls.
958 4007 1002 4059 Ol.
1014 4010 1069 4060 lto.
1080 4010 1103 4057 1.
1114 4004 1177 4058 Urb-
1194 4004 1223 4057 C.

125 4089 173 4134 tor
189 4083 258 4136 listi
273 4083 320 4134 lib·
337 4095 435 4134 uxxrr.
452 4095 542 4148 quere,
552 4082 595 4132 rel
606 4081 657 4133 duo
696 4080 829 4133 emunt.
840 4081 888 4133 Ch.
898 4086 941 4132 15.
