3230 5092
362 375 433 446 sla
656 397 809 446 vsnsnn
834 395 979 446 usxrnr
1006 397 1077 445 crs.
1094 396 1177 450 vnr.

368 543 428 616 set,
443 554 618 621 quemnam
630 537 824 618 respublica
836 556 931 619 mque
945 556 1101 619 maguum
1120 540 1275 605 habitura
1290 548 1380 607 essct
1391 543 1451 606 im-

367 634 576 722 peratorem,'
603 637 784 719 respiciens
820 657 857 701 so
888 653 989 722 supra
1017 638 1130 722 ipsum
1159 643 1345 720 cubantem,
1366 641 1453 707 ‘Vel

365 736 475 815 huuc‚’
496 737 642 802 dixisse
685 736 765 817 Quo
788 739 926 822 augurio
950 740 1195 823 perfectissima
1208 745 1323 823 virtus,
1346 744 1454 808 maxi-

364 859 455 904 mnm
469 838 625 904 orientem
639 839 804 920 virtutem,
818 841 983 906 videritne
1005 842 1139 918 certius,
1154 861 1198 905 au
1213 842 1383 908 efficacius
1397 861 1456 909 ac·

366 938 552 1020 consterit,²4
570 940 735 1022 perpendi
747 942 807 1006 vix
828 947 949 1024 potest.
992 941 1061 1007 Illa
1081 943 1229 1006 nimirum
1253 962 1354 1008 ooeua
1368 944 1458 1008 mili·

365 1043 444 1107 iaris
466 1041 739 1124 speciosissimas
760 1047 833 1106 tota
857 1043 892 1106 in
912 1043 1027 1106 urbe⁸⁵
1050 1043 1161 1108 Mario
1183 1043 1311 1107 futuras
1334 1062 1455 1107 coenas

364 1143 511 1208 ominata
523 1149 586 1206 est.
629 1141 816 1224 Postquam
830 1143 917 1206 enim
932 1142 1086 1207 Gimbros
1100 1145 1143 1207 ab
1158 1162 1200 1207 eo
1215 1143 1341 1207 deletos
1356 1141 1456 1206 initio

365 1245 474 1308 noetis
496 1245 632 1308 nuntius
652 1244 813 1326 pervenit,
838 1263 935 1308 nemo
960 1245 1034 1321 fuit,
1057 1245 1116 1327 qui
1135 1263 1201 1308 uon
1220 1244 1270 1308 illi
1294 1249 1456 1325 tanquam

366 1343 444 1408 Diis
458 1344 710 1421 immortalibus,
723 1344 814 1427 apud
827 1363 925 1408 sacra
938 1363 1058 1408 mensae
1078 1363 1152 1409 sum
1165 1339 1368 1408 libaveritk'

408 1443 439 1510 8.
461 1445 484 1510 J
486 1465 541 1509 am
554 1464 630 1528 quse
645 1446 678 1508 in
694 1444 754 1510 Cn.
771 1444 970 1528 Pompeium
984 1450 1020 1508 et
1033 1446 1145 1528 ampla
1161 1454 1196 1508 et
1210 1463 1303 1509 nova
1316 1461 1456 1524 congcs-

365 1555 404 1614 ta
417 1553 506 1628 sunt,
520 1547 597 1612 hinc
609 1547 805 1611 assensione
818 1545 957 1624 favens,
971 1545 1064 1611 illinc
1078 1545 1210 1612 fremitu
1225 1544 1360 1609 invidiae
1376 1545 1455 1609 lite-

365 1875 398 1922 εε
415 1873 424 1902 ‘
435 1872 479 1922 Sic
490 1873 569 1930 iocus,
585 1872 619 1922 sb
630 1871 771 1922 editoribus
783 1871 889 1922 mirifice
899 1878 1044 1935 corruptus,
1060 1870 1280 1934 interpungendns
1291 1876 1319 1918 et
1329 1869 1452 1933 tegendus

366 1945 414 1986 est
449 1939 541 2002 Neque
560 1936 636 1986 aliter
653 1937 749 1986 babent
767 1937 828 1985 iibri
843 1937 907 1986 diss.
918 1944 945 1986 et
957 1936 1031 1996 aditi,
1047 1937 1095 1987 uisi
1114 1936 1181 2000 qood
1201 1935 1303 1996 quidam
1324 1946 1371 1995 pro
1389 1935 1452 1996 qaod

366 2001 463 2050 babent
477 2000 518 2064 qai
535 1999 638 2065 (vitiose
653 2014 699 2062 pro
718 1997 785 2063 qaia)
803 2006 832 2049 et
848 2001 962 2050 nonnulli
980 2005 1114 2056 τιππτετιτ,
1132 2001 1192 2047 item
1204 1997 1302 2046 (είτπίε.
1336 1996 1381 2045 Uti
1399 2011 1450 2059 ego

365 2065 450 2115 ioemn
460 2064 608 2127 interpunxi
617 2070 646 2113 et
655 2063 734 2125 edidi,
748 2064 831 2113 eterna
842 2071 891 2126 est,
906 2072 935 2115 et
945 2064 1069 2128 optimum
1081 2062 1196 2112 admittit
1206 2075 1319 2110 sensum.
1351 2060 1463 2109 Marius·

365 2130 399 2178 ob
408 2127 707 2192 honorificumsseipiouis
718 2129 751 2178 de
759 2143 787 2177 se
794 2127 919 2193 iudicium
931 2129 965 2178 ad
977 2143 1066 2191 rogum
1079 2141 1160 2190 usqne
1171 2125 1273 2189 gavisus
1285 2131 1335 2175 est.
1346 2123 1415 2173 ...aab
1424 2138 1452 2172 eo

284 2229 288 2236 .
366 2194 423 2241 dates
432 2192 563 2256 Scipione,
578 2198 676 2242 mereret
687 2192 794 2252 Marius,
808 2193 831 2241 ri
845 2193 901 2256 qaid
919 2193 956 2241 itti
970 2193 1012 2241 Sei
1033 2191 1084 2240 ioui
1095 2191 1225 2247 τιείείτττε,
1240 2189 1258 2238 ί.
1270 2203 1294 2238 e.
1311 2189 1334 2238 si
1346 2187 1453 2237 caderet

366 2255 393 2303 in
411 2256 489 2316 betto,
508 2257 549 2304 sei
567 2266 650 2306 morte
669 2256 855 2318 absumeretur,
870 2257 995 2320 respietm
1011 2209 1098 2318 gripta
1118 2269 1143 2302 se
1163 2253 1272 2302 Marium
1290 2267 1362 2315 repre
1377 2253 1452 2314 ipsun

366 2317 512 2378 Scipionem
523 2317 644 2368 estatem
654 2320 776 2380 Msrium,
790 2322 833 2370 Vei
842 2321 902 2370 tau
913 2321 1023 2370 Marium
1034 2320 1099 2368 dixit
1114 2318 1210 2381 Scipio.
1243 2316 1351 2379 Pighius
1362 2323 1453 2363 eontra

366 2393 454 2430 omnes
471 2387 561 2442 testes,
571 2396 622 2445 qus
638 2385 749 2445 scriptos
766 2398 817 2447 qun
827 2385 896 2446 typis
907 2397 1024 2445 excusos,
1034 2382 1118 2432 edidit
1128 2383 1264 2444 imperator,
1280 2379 1398 2443 idemque
1409 2392 1455 2428 no·

367 2443 427 2494 duur
449 2445 474 2493 in
494 2443 581 2507 scirpo
600 2445 721 2508 quesivit
738 2459 865 2508 reponens
883 2447 960 2508 ipsese
978 2447 1103 2508 respiciens
1120 2447 1186 2505 tnsro
1195 2461 1220 2494 se
1231 2445 1359 2494 retentem.
1392 2441 1454 2490 vid.

367 2507 440 2558 Curt.
452 2521 514 2557 vnn.
526 2511 550 2556 5.
562 2511 604 2557 tt.
621 2508 629 2535 ‘
643 2508 842 2570 Polyperchon,
858 2511 901 2572 qui
919 2509 1033 2558 cubabat
1047 2522 1123 2571 snper
1135 2507 1238 2571 regem?
1269 2509 1374 2556 Straton.
1386 2503 1455 2566 Aug.

366 2576 408 2621 st.
426 2571 573 2646 ‘superque
582 2571 775 2621 se...coiiocerit
784 2570 936 2635 Angustus!
954 2574 1035 2636 Kepp.
1067 2571 1233 2621 ‘Kiokkiun
1249 2571 1271 2619 si
1285 2572 1341 2634 quid
1357 2569 1394 2617 itii
1412 2568 1456 2618 tas-

366 2636 470 2710 rsunitss
487 2636 616 2712 accedisset,
631 2650 752 2697 quereum
771 2635 843 2698 Resp-
863 2651 927 2698 equs
948 2651 1066 2712 nequeam⁸
1080 2635 1191 2685 babitare
1208 2639 1267 2711 esset
1284 2636 1455 2708 imperatorem,

366 2698 1087 2826 'essaifflffiifflmssffiassnfflnfflpffi
1099 2697 1454 2827 ξῗοέιετίιίίτητοεῖξίίξιέτίιίε.

255 2871 258 2876 ,
367 2831 396 2874 at
412 2827 478 2875 Μαί.
494 2841 574 2889 sapsa
607 2826 689 2875 Codd.
710 2826 790 2876 nostri
809 2826 875 2888 seseq
898 2827 993 2876 ετίπτε
1013 2828 1184 2890 morere,
1200 2841 1226 2874 re
1256 2825 1324 2874 'ciere
1342 2839 1368 2874 se
1385 2837 1455 2887 sepse

365 2889 442 2950 ipsese
458 2889 581 2940 σιίτηεπτ
597 2890 635 2939 sel
652 2890 713 2939 tasse
730 2891 803 2940 dixit.
837 2890 867 2939 iu
886 2905 937 2954 quo
956 2899 1028 2940 reeta
1047 2892 1130 2939 omnia
1149 2903 1225 2952 proce
1245 2897 1301 2936 unt.
1333 2887 1387 2936 Pro
1403 2888 1454 2950 qai,

366 2955 436 3016 quod
449 2953 600 3003 Perizonius
613 2955 709 3017 optime
721 2961 845 3004 mutatum
857 2954 911 3004 ibat
921 2956 946 3004 in
958 2955 1022 3017 quio,
1039 2956 1133 3017 copes.
1143 2952 1237 3015 Ultrnj.
1249 2951 1323 3015 prim.
1335 2961 1364 3001 et
1380 2951 1455 3014 Mog.

367 3017 462 3069 babent
472 3019 541 3083 qnod,
558 3017 649 3067 eodem
667 3032 752 3068 sensu.
787 3020 812 3067 ui
825 3033 882 3067 cunr
901 3019 927 3066 in
948 3019 1054 3082 vulgato
1071 3018 1155 3067 nulius
1167 3017 1200 3065 stt
1211 3016 1336 3076 sincerus,
1352 3015 1454 3064 restitui

366 3082 483 3132 ordinem
497 3083 635 3132 verborum
664 3089 694 3131 ut
720 3032 797 3130 codd.
819 3081 958 3144 jubebant,
975 3091 1004 3130 et
1024 3083 1084 3144 qaod
1105 3082 1131 3144 in
1151 3087 1251 3131 textum
1272 3078 1371 3130 admisi.
1408 3078 1453 3128 Ss-

367 3147 501 3209 gseissinre
513 3148 581 3195 enim
593 3145 658 3194 sidit
667 3143 819 3220 Perizonius
831 3144 937 3193 diesim
948 3145 999 3193 dici
1017 3146 1106 3220 suardio
1114 3147 1232 3222 ysenam
1247 3145 1278 3192 sd
1290 3157 1373 3220 rogus
1383 3156 1454 3205 sapas

366 3207 1453 3336 btttdttitt'taittn'ttraditi.tt:st·..2tt.ttft”ttt.‘ztt

366 3337 488 3384 editores.
521 3334 574 3384 ain
587 3349 674 3384 omnes
692 3335 750 3384 libri
760 3337 883 3396 απίεπίε,
899 3335 966 3384 uude
977 3336 1117 3384 Torrentius
1129 3335 1235 3398 conjicit
1244 3336 1342 3386 τουπίε.
1377 3333 1453 3383 Haud

365 3399 451 3447 mata!
466 3399 612 3459 Rapa-25
630 3398 734 3449 ‘Codd.
751 3399 867 3463 plerique
886 3415 944 3449 cum
965 3399 1031 3448 Edd.
1050 3407 1110 3448 ante
1131 3400 1261 3462 Pigbinm,
1275 3397 1454 3462 τριτίπίτείτιαι

365 3466 434 3510 tento
452 3461 479 3508 ts
497 3461 571 3517 artes
585 3463 635 3520 vei,
652 3463 727 3525 pauci
746 3470 841 3522 tamen,
856 3469 936 3512 testor
956 3464 982 3512 ts
999 3462 1070 3513 erte:
1087 3464 1180 3526 Copes.
1196 3469 1246 3512 totu
1255 3467 1335 3512 tortus
1345 3463 1371 3511 ia
1381 3461 1452 3518 arbe,-

366 3524 442 3637 ssnuci
454 3531 540 3571 tamen
553 3523 672 3573 ridentur
683 3526 778 3574 babere
788 3530 838 3574 totu
849 3527 875 3576 is
886 3527 951 3588 urbe,
959 3535 989 3576 ut
999 3527 1078 3576 eredo
1089 3542 1103 3576 e
1117 3529 1169 3576 suis
1180 3527 1314 3577 reduxisse
1325 3526 1454 3589 Pigbinm.

392 3602 420 3636 ro
436 3587 506 3636 s'ss'tr'e
522 3588 846 3639 metisnonuuiiir'aisitie.
879 3591 955 3640 uid.
969 3598 1055 3655 quart.
1074 3591 1354 3641 Cimbrisudeedetetis.
1386 3590 1453 3638 Sunt

365 3652 409 3718 qui
423 3652 566 3716 μττππίε,
581 3651 651 3715 item,
668 3651 752 3701 libauit
761 3653 891 3704 habeant!
905 3655 1065 3706 Turrem-bd
1074 3655 1117 3706 Sic
1129 3655 1211 3705 edidit
1219 3655 1296 3718 Pigb.
1305 3669 1363 3706 eum
1374 3652 1454 3702 omui·

856 3833 963 3885 norm
1027 3809 1030 3814 “

399 3975 410 4026 t
428 3968 476 4018 An.
487 3970 525 4021 M.
534 3974 608 4022 toto.
625 3972 667 4022 01.
680 3976 735 4023 itit.
746 3975 771 4022 ε.
787 3971 851 4022 Urb.
861 3973 891 4024 c.
931 3987 982 4024 non
994 3973 1062 4036 Diis,
1071 3972 1117 4024 sed
1129 3973 1212 4024 Mario
1223 3973 1277 4021 titas
1287 3970 1444 4022 obtulerunt.

366 4045 422 4091 oso.
438 4043 502 4094 snt.
514 4046 559 4096 cn.
571 4051 627 4097 rsa.
963 4049 1172 4098 ·nn.n1.aees.
1189 4047 1232 4097 οι.
1242 4049 1332 4108 rear.
1345 4047 1411 4098 vrb.
1423 4047 1454 4098 c.

399 4113 410 4147 '¹
434 4117 566 4182 libereris]
602 4122 633 4171 In
655 4122 738 4186 epulis
758 4135 813 4170 mos
833 4130 891 4174 erat
929 4127 986 4173 batt.
1009 4124 1071 4175 Ant
1082 4125 1129 4176 ch.
1142 4127 1198 4173 1⁰⁰.
1216 4123 1220 4134 ’

369 4188 426 4238 Diis
444 4188 530 4240 offerri
553 4194 696 4256 primitias:
715 4203 741 4246 st
755 4197 799 4244 itta
810 4205 889 4248 nocte
