3230 5110
487 467 567 518 err.
582 467 632 516 vr.
657 469 705 517 nu
727 466 995 518 unonssrrrrn.
1224 454 1289 520 719

194 612 351 680 Metelli'
373 614 417 678 ad
430 612 581 677 ultimam
595 631 704 697 nsque
715 621 739 660 ³⁵
763 613 935 696 penuriam
955 611 1132 696 compulsi,
1147 629 1220 691 sua,
1230 612 1288 694 ju·

193 722 441 799 meritorumque
463 733 598 778 suorum
622 716 717 778 urina
741 716 829 778 sitim
849 720 1023 790 torserunt,
1039 713 1163 797 justins
1190 712 1287 776 dixe·

192 816 266 893 rim,
281 835 380 899 quam
404 821 655 879 sustentarunt:
678 815 759 896 quia
780 815 860 878 dum
875 814 967 878 vinci
992 813 1119 890 timent,
1134 812 1170 876 id
1190 813 1286 896 passi

193 926 280 994 sunt,
296 917 383 1000 quod
399 937 460 981 eos
475 936 516 980 uc
531 917 642 980 victor
656 915 790 998 quidem
807 916 878 998 pati
893 913 1084 996 coegisset*

233 1019 266 1081 2.
290 1019 487 1083 Numantini
504 1022 651 1082 autema
673 1018 832 1100 Scipione
847 1017 939 1082 vallo
962 1021 997 1079 et
1011 1035 1130 1098 aggere
1144 1015 1286 1080 circnm-

191 1118 271 1196 dati,
286 1138 361 1183 cum
373 1119 494 1194 omnia,
509 1137 586 1200 qum
601 1118 721 1182 famem
745 1137 860 1181 eorum
875 1119 1000 1180 trahere
1019 1124 1189 1199 poteraut,
1205 1136 1286 1181 con·

189 1221 395 1296 sumsissent,
415 1220 459 1284 ad
473 1220 626 1283 ultimum
639 1221 858 1282 humanorum
874 1237 1052 1300 corporum
1075 1219 1218 1300 dapibus
1233 1218 1286 1282 nsi

190 1326 275 1385 sunt
320 1319 529 1402 Quapropter
545 1326 644 1400 capta
653 1318 725 1400 jam
745 1319 837 1395 urbe,
851 1318 1038 1400 complures
1055 1321 1179 1384 inventi
1194 1327 1284 1396 sunt,

189 1427 282 1489 artus
304 1431 339 1484 et
351 1422 501 1485 membra
522 1421 763 1484 trucidatorum
784 1438 958 1502 corporum
981 1422 1054 1485 sinu
1070 1441 1131 1486 suo
1153 1430 1286 1504 gestan-

189 1524 265 1586 test
308 1522 416 1586 Nulla
431 1529 484 1586 est
497 1523 533 1586 in
546 1523 599 1585 his
614 1522 824 1586 necessitatis
849 1513 1047 1606 excusatio3
1068 1543 1144 1590 num
1160 1525 1284 1607 quibus

187 1624 271 1687 mori
286 1624 391 1700 licuit,
408 1625 459 1687 sic
474 1624 587 1686 vivere
600 1641 734 1686 necesse
750 1643 815 1688 non
830 1624 904 1688 fuit.

231 1723 263 1785 8.
287 1723 419 1787 Horum
441 1728 565 1788 trucem
580 1725 794 1809 pertinaciam
808 1728 842 1790 in
865 1725 1032 1790 consimili
1054 1725 1204 1789 facinore
1220 1725 1285 1789 Ca-

187 1823 486 1904 lagurritanorumv
508 1827 707 1890 execrabilis
716 1827 871 1909 impietas
883 1845 1100 1910 supergressa
1112 1833 1175 1890 est.
1214 1824 1284 1903 Qui

188 1941 256 2007 quo
270 1927 532 2007 perseverantius
548 1927 711 1992 interemti
726 1928 866 1991 Sertorii
880 1928 1059 2004 cineribus,
1074 1928 1283 1992 obsidionem

188 2022 248 2088 (ln.
274 2025 427 2110 Pompeii
452 2026 655 2107 frustrantes,
680 2029 779 2093 fidem
808 2035 1027 2114 praestarent3
1050 2029 1283 2112 quianullum

183 2126 257 2209 jam
272 2128 364 2191 aliud
378 2131 412 2192 in
427 2130 509 2192 urbe
526 2151 640 2194 eorum
652 2139 825 2214 supererat
841 2131 974 2210 animal,
990 2151 1112 2196 uxores
1128 2149 1208 2194 snas
1222 2148 1283 2192 na-

189 2237 308 2310 tosque
323 2229 366 2292 ad
386 2231 639 2310 usnmjnetariae
662 2233 759 2316 dapis
774 2237 946 2296 verterunt.
992 2230 1139 2314 Quoque
1156 2231 1282 2296 diutins

188 2332 315 2390 armata
323 2327 481 2410 juventus
503 2331 631 2393 viscera
647 2351 710 2394 sna
723 2331 907 2396 visceribus
921 2333 991 2396 suis
1006 2332 1115 2410 aleret,
1128 2331 1283 2396 infelices

188 2427 392 2492 cadaverum
414 2429 572 2513 reliquias
596 2431 695 2496 salire
719 2452 784 2497 non
806 2432 980 2500 dubitarit.
1026 2433 1076 2498 En
1098 2454 1198 2518 quarn
1222 2432 1285 2496 ali-

187 2529 261 2609 quis
275 2531 308 2594 iu
322 2531 397 2596 acie
411 2531 636 2612 hortaretur,³⁴
658 2541 695 2598 nt
709 2554 770 2620 pro
789 2534 898 2598 salute
916 2535 1093 2617 conjugum
1114 2540 1148 2596 et
1163 2532 1282 2595 libero-

652 2699 832 2721 ‘mm

187 2787 252 2832 -tt
269 2783 366 2842 UltraJ.
385 2787 409 2830 1.
424 2787 448 2829 2.
464 2783 539 2830 llari.
558 2787 635 2834 Bitur
652 2793 676 2837 1.
697 2789 775 2839 Bari).
799 2794 822 2840 1.
840 2799 867 2840 et
884 2789 958 2839 Leid.
980 2793 1004 2838 2.
1025 2803 1075 2838 non
1094 2794 1238 2852 agnoscunt
1254 2785 1285 2834 ri

187 2860 275 2920 ttulit?
290 2845 398 2920 held-¹⁰·
410 2843 507 2894 hibet:
524 2848 555 2892 “d
565 2847 672 2894 “lilinum
681 2865 777 2910 quoque.
811 2855 895 2902 Panlo
908 2861 966 2915 poet
977 2868 1024 2916 pro
1036 2854 1091 2916 quio
1104 2855 1221 2904 Perizon.
1232 2866 1287 2900 nra·

188 2911 220 2958 lrt
229 2910 271 2970 qui
282 2909 322 2957 vel
330 2910 462 2972 quam-8⁴
480 2907 541 2956 ‘lta
558 2909 693 2969 legendnm
705 2919 795 2958 censet
807 2914 955 2963 Gronovius
973 2917 999 2963 in
1011 2918 1087 2965 Notis
1099 2917 1132 2965 ad
1143 2919 1199 2966 [ἰν.
1215 2927 1284 2964 xxx.

188 2978 228 3022 21.
262 2974 298 3022 Et
313 2972 413 3020 liabent
432 2969 490 3020 fere
507 2971 542 3019 ita
561 2977 635 3018 vetus
654 2969 733 3018 editio
753 2969 849 3019 Aldina
873 2981 901 3021 et
919 2991 983 3024 unns
1006 2979 1082 3028 codd.
1103 2980 1284 3038 Brandeborg.

185 3039 296 3088 Tantum
308 3050 444 3100 perperam
462 3036 488 3084 in
500 3035 530 3084 iis
542 3042 583 3083 est
593 3049 661 3097 quem
671 3047 719 3110 pro
731 3047 807 3096 quum.
840 3007 963 3082 llertinet
981 3045 1067 3083 autern
1085 3040 1147 3086 illud
1164 3055 1233 3100 qnam
1249 3039 1283 3085 ad

190 3102 352 3151 'urentutem
364 3101 397 3149 de
430 3114 462 3149 na
481 3099 612 3163 praedixit.
646 3098 752 3162 Pighius
763 3097 860 3147 edidit:
882 3099 974 3146 &mne
984 3111 1085 3159 unquam
1101 3101 1223 3160 etpumia
1234 3101 1285 3147 acie

269 3170 330 3214 etur.
364 3165 399 3213 Et
440 3164 540 3213 clerus:
557 3164 597 3212 Eu
611 3179 712 3226 rapum
728 3162 848 3226 mpure
864 3163 914 3211 acie
932 3161 1076 3212 honoretur.
1107 3162 1159 3211 Sed
1176 3160 1284 3211 lileele-

187 3238 292 3292 gantem
304 3241 378 3276 nsum
388 3228 484 3278 vocula
497 3229 537 3276 lin
548 3229 660 3289 neglexit
673 3245 679 3277 ι
697 3227 739 3276 lric
750 3241 783 3275 ue
796 3227 970 3276 accusativum
981 3226 1086 3292 quidem
1103 3226 1183 3277 habet
1195 3225 1238 3291 qui
1249 3227 1282 3276 ad

185 3293 293 3342 verbnm
304 3291 440 3342 Μυσίην
451 3291 596 3355 pertineat!
615 3293 694 3342 Vorrt.
719 3291 883 3340 ‘Gronovius
896 3300 967 3341 recte
976 3293 1048 3356 legit,
1060 3293 1099 3341 Ea
1110 3307 1179 3356 quum
1190 3290 1285 3356 aliquio,

186 3357 232 3406 sed
242 3358 279 3405 ite
285 3357 339 3421 jam
352 3355 481 3406 Oliverinr
494 3365 521 3406 et
532 3357 689 3405 Arcensiuw
704 3355 813 3404 Periaoa.
845 3356 915 3406 ‘uic
927 3357 1001 3420 prim.
1013 3358 1047 3405 Et
1055 3372 1171 3421 umquam
1180 3356 1265 3419 uliquis
1272 3373 1282 3414 ,·

186 3421 260 3471 Med.
277 3421 352 3485 prim.
367 3421 434 3470 Euae
449 3436 549 3484 emaum
566 3421 670 3483 ulturus,⁸
686 3419 784 3468 Medic.
802 3435 853 3470 see.
871 3421 963 3470 Eumae
981 3436 1097 3484 uuquumr
1115 3421 1184 3472 Ultr.
1208 3422 1282 3482 prim.

186 3486 226 3534 En
240 3485 296 3598 guia
312 3500 413 3548 unquam
432 3500 499 3542 eom
516 3482 607 3546 Ultrej.
626 3498 680 3532 sec.
700 3483 775 3532 Harl.
795 3484 875 3533 Barb.
895 3483 967 3533 Leid.
987 3495 1039 3534 tres
1053 3486 1283 3549 aequarique,-

189 3547 238 3599 Lei
258 3550 359 3616 .quint.
370 3555 398 3598 et
409 3556 477 3599 sext.
499 3549 539 3597 Ea
557 3562 658 3611 unquam
674 3547 778 3610 elipsim·
796 3548 841 3598 red
860 3549 887 3598 lu
907 3556 974 3599 sext.
993 3550 1107 3614 additur,
1118 3565 1166 3615 pro
1179 3566 1202 3600 r.
1215 3551 1230 3598 1.
1242 3552 1281 3600 Eu

683 3693 789 3744 NOTAE

218 3818 230 3844 ¹
244 3810 369 3861 Obsidione
379 3810 484 3872 Metelli]
511 3811 614 3860 Bellum
625 3809 665 3857 liis
677 3809 713 3857 lu·
787 3807 858 3862 run.
866 3810 904 3859 Μ.
917 3813 990 3859 8988.
1006 3810 1051 3861 01.
1063 3813 1119 3860 178.
1132 3813 1155 3859 t.
1172 3808 1237 3858 Urb.
1251 3809 1281 3858 C.

185 3886 283 3936 dictum
296 3894 337 3936 ert
348 3885 493 3934 dominandi
512 3886 656 3948 cupiditate
669 3898 714 3947 po·
753 3888 811 3934 1167.
835 3884 899 3934 Aut.
908 3885 955 3934 Cir.
966 3889 1008 3935 65.

186 3962 246 4020 tlus,
257 3977 334 4027 quem
351 3961 403 4011 nlla
420 3962 491 4024 jueta
507 3960 540 4009 de
559 3974 651 4021 eausa,
674 3958 714 4009 se·
789 3967 801 4018 t
817 3958 869 4008 An.
888 3959 927 4008 Μ.
943 3963 1015 4009 3911.
1034 3959 1078 4008 01.
1095 3962 1150 4008 161.
1161 3961 1186 4008 t.
1215 3957 1280 4009 Urb.

185 4037 251 4087 viere
276 4046 361 4088 tamen
383 4036 529 4086 Mithridati
553 4035 714 4086 videbantur.
756 4036 856 4087 (1620.
874 4033 995 4082 Antclr.
1008 4037 1064 4082 182.

187 4112 231 4160 Ita
247 4114 345 4163 Florus.
366 4113 490 4163 Metellus
502 4112 600 4161 Cretici
620 4126 714 4176 cogno·
786 4117 797 4142 V
818 4108 1066 4172 Calagurritanorum]
1083 4107 1215 4171 llirpanire
1236 4124 1282 4171 po·

186 4199 245 4235 men
266 4188 314 4235 ade
336 4195 376 4237 tue
400 4194 448 4238 eet.
481 4188 521 4235 De
543 4187 714 4236 Numantino·
754 4185 827 4249 pulos
849 4183 931 4233 t'rriase
949 4183 1046 4248 liquet3
1067 4182 1110 4234 ubl
1129 4184 1283 4246 habitarint,

187 4275 242 4310 rum
255 4261 328 4310 clade
340 4263 397 4323 iege
407 4262 453 4312 lib.
465 4275 495 4312 rr.
507 4275 564 4323 cap.
572 4265 596 4311 7.
608 4276 676 4314 nuru.
690 4265 712 4310 1.
754 4260 890 4311 obscurum
902 4266 949 4308 ert.
