3080 5106
350 379 417 446 olo
660 395 817 446 vacuari
843 393 990 444 uantur
1015 395 1088 446 cru.
1113 397 1145 446 v.
1248 427 1254 440 .

347 540 406 623 jus
419 546 461 604 ut
470 537 636 603 imitatu
647 535 788 618 dodam
800 535 924 600 bellica
937 533 1058 616 virtus,
1069 540 1119 603 ita
1132 539 1341 624 praecipuum
1355 561 1451 607 amo·

352 661 420 708 rem
435 642 614 708 clementia
635 639 765 703 meruit.
810 637 859 716 Is,
874 637 953 704 dum
969 657 1087 704 omnes
1109 647 1225 722 gentes
1245 641 1448 727 infatigabili

352 765 452 810 cursu
473 745 599 818 lustret,
614 739 760 824 quodam
783 739 852 802 loci
860 737 889 778 ⁶⁰
911 745 1110 823 tempestate
1131 743 1234 807 nivali
1250 763 1447 828 oppressus,

352 847 447 910 senio
466 844 540 926 jam
565 841 752 907 confectum
778 842 918 906 militem
946 841 1179 920 Macedonem,
1199 845 1303 910 nimio
1326 847 1446 930 frigore

350 946 633 1029 obstupefactum,
644 943 717 1026 ipse
732 944 867 1007 sublimi
882 951 918 1007 et
931 945 1122 1030 propinqua
1134 946 1205 1027 igni
1219 947 1297 1010 sede
1312 949 1445 1026 sedens,

349 1047 596 1113 animadvertit.
642 1044 815 1126 Factaque
826 1063 893 1108 uon
908 1044 1064 1122 fortunae,
1076 1047 1136 1110 sed
1150 1049 1261 1112 aetatis
1275 1050 1445 1132 utriusque

350 1148 587 1223 aestimatione,
596 1145 783 1222 descendit,
793 1150 829 1209 et
844 1145 913 1209 illis
926 1148 1094 1224 manibus,
1110 1149 1234 1230 quibus
1249 1169 1332 1234 opes
1347 1151 1442 1215 Darii

350 1249 526 1326 afflixerat,
542 1266 661 1329 corpus
682 1245 804 1328 frigore
823 1246 1032 1330 duplicatum
1040 1244 1066 1286 ⁶¹
1089 1249 1124 1312 iu
1142 1269 1238 1314 suam
1254 1251 1368 1316 sedem
1382 1253 1441 1316 im·

350 1351 485 1434 posuit:
510 1349 615 1413 ‘Idci
627 1346 1112 1427 salutarefuturum'dioeus,⁶²
1132 1353 1347 1435 ‘quodapud
1363 1353 1441 1416 Per-

350 1473 408 1518 sas
422 1452 589 1534 capitale¹
611 1450 793 1527 extitisset,
808 1451 927 1514 solium
941 1449 1067 1532 regium
1081 1449 1307 1535 occupasse.''
1351 1453 1443 1533 Quid

318 1623 321 1628 ,
349 1574 427 1638 ergo
442 1555 562 1619 mirum
577 1559 639 1628 est,
652 1551 683 1615 si
697 1553 762 1616 sub
779 1571 822 1614 eo
844 1551 929 1614 duce
953 1556 1004 1616 tot
1017 1552 1112 1614 annis
1123 1549 1148 1597 ⁶³
1172 1553 1312 1617 militare
1320 1554 1444 1636 jucun·

347 1657 426 1721 dum
441 1657 619 1730 ducebant,
633 1655 686 1716 oui
702 1653 841 1734 gregarii
861 1651 979 1716 militis
1000 1653 1215 1718 incolumitas
1228 1657 1363 1739 proprio
1375 1656 1442 1722 fas·

346 1759 427 1842 tigio
442 1759 551 1823 carior
565 1755 658 1820 erati
703 1754 798 1818 Idem
811 1771 879 1816 non
894 1753 1061 1817 homiuum
1073 1755 1148 1833 ulli,
1162 1755 1223 1820 sed
1235 1764 1360 1822 natura
1376 1758 1442 1823 for-

346 1869 504 1943 tunaeque
526 1855 661 1932 cedens,
686 1873 878 1938 quanquam
904 1854 1064 1920 violentia
1087 1857 1195 1922 morbi
1221 1857 1441 1940 dilabebatur,

346 1963 544 2027 incubitum
558 1965 670 2025 buren
690 1963 832 2034 erectus,
847 1957 1001 2022 dextram
1019 1960 1182 2037 omuibus,
1199 1962 1256 2043 qni
1275 1979 1350 2024 eam
1364 1980 1441 2025 oon·

346 2064 469 2147 tingere
489 2063 626 2139 vellent,
648 2061 808 2143 porrexit.
851 2057 937 2137 Quis
961 2065 1072 2124 autem
1097 2060 1191 2126 illam
1210 2062 1355 2127 osculari
1376 2083 1439 2128 nou

346 2161 536 2240 curreret,⁶⁴
556 2182 632 2243 quae
644 2163 716 2245 jam
731 2161 800 2224 fato
821 2177 996 2243 oppressa,
1010 2161 1149 2227 maximi
1169 2165 1336 2228 exercitus
1351 2183 1440 2230 cum-

345 2265 477 2347 plexui,
491 2263 706 2338 humanitate,
724 2280 825 2344 quam
840 2263 974 2343 spiritu,
988 2263 1151 2328 viridiore
1167 2264 1361 2332 suffecitllr

388 2365 420 2429 2.
444 2363 526 2429 Non
544 2370 610 2428 tam
635 2364 764 2427 robusti
785 2363 917 2442 genesis
936 2362 1137 2443 humanitas,
1154 2367 1213 2430 sed
1238 2373 1273 2430 et
1292 2367 1369 2450 ipsa
1387 2375 1437 2432 ta-

345 2483 419 2530 men
435 2468 593 2530 memoria
614 2463 853 2550 prosequenda
873 2463 1043 2528 Pisistrati
1058 2464 1313 2533 Atheniensium
1331 2475 1437 2554 tyran·

343 2571 378 2634 ni
403 2567 599 2634 narrabitur.
645 2565 724 2646 Qui,
744 2565 1039 2632 cum'adolesoeus
1064 2570 1200 2652 quidam
1223 2590 1337 2636 amore
1359 2570 1436 2636 filiae

376 2801 389 2834 Ι
402 2803 463 2858 Qut·
471 2807 550 2852 mern
559 2818 606 2852 son
616 2809 721 2858 currem
731 2803 832 2852 emulari
848 2803 914 2853 illan
928 2805 1060 2865 demeum,
1077 2804 1117 2853 cui
1125 2804 1179 2864 Jom
1194 2805 1312 2866 bmlrlae
1320 2813 1393 2856 mam
1402 2806 1436 2855 at.

341 2866 538 2982 amm
543 2868 624 2933 potins
633 2883 702 2932 quom
712 2869 795 2918 edulia
804 2868 903 2932 spiritu
913 2869 976 2918 ciret
986 2869 1061 2926 dcdd,
1071 2875 1098 2918 st
1117 2869 1233 2918 mimas
1242 2869 1307 2920 sun
1319 2871 1436 2922 exeatur

337 3153 469 3201 runt-oo
485 3149 578 3212 Aldus,
588 3153 687 3216 quodum
696 3154 763 3212 loco,·
778 3155 907 3219 quomodo
917 3153 1017 3204 Brund.
1029 3157 1052 3204 1.
1061 3157 1085 3203 2.
1097 3159 1125 3202 et
1134 3153 1259 3218 Ultraj.l.
1270 3153 1350 3202 ceteri
1359 3153 1436 3203 eodo.

234 3248 237 3254 ·
338 3215 383 3263 loci
394 3221 573 3266 servant-61
587 3216 662 3280 Pigb.
670 3231 685 3266 e
694 3218 770 3268 codd.
779 3219 933 3280 quibusdam
943 3225 997 3265 vet.
1009 3218 1169 3280 confibulat
1175 3234 1185 3276 ,·
1196 3223 1224 3266 et
1234 3217 1270 3266 ita
1282 3226 1323 3266 ert
1335 3219 1360 3265 in
1373 3232 1435 3265 uou-

227 3311 232 3322 ,
337 3278 414 3327 uullls
427 3278 486 3327 edd.
498 3280 591 3344 Ultraj.
599 3285 621 3329 l.
634 3289 662 3329 et
674 3282 755 3329 tribus
767 3282 857 3331 Leidd.
871 3283 899 3329 in
911 3281 1006 3330 ceteris
1017 3283 1133 3331 omuibus
1142 3281 1294 3343 duplicatus.
1311 3280 1351 3329 of.
1361 3283 1432 3342 virg.

336 3341 396 3390 AEn.
409 3346 589 3393 nubite-62
601 3343 633 3393 lu
645 3345 758 3409 quinque
770 3344 844 3394 codd.
854 3347 961 3395 Torren.
978 3345 1147 3395 desiderator
1163 3346 1258 3394 uben:
1275 3346 1359 3408 vulgg.
1380 3346 1433 3408 ple·

335 3420 425 3471 saque
435 3405 530 3455 habeut
541 3410 634 3457 ducena.
667 3411 733 3458 Mox
744 3409 811 3458 liber
823 3410 939 3459 Laveruii
952 3422 1051 3458 erasum
1063 3410 1177 3459 uonuibil
1191 3409 1270 3459 babet
1288 3423 1378 3458 vocem
1394 3423 1431 3456 eo·

336 3471 403 3532 bem,
412 3478 439 3519 et
450 3469 524 3546 quasi
534 3473 608 3519 solum
618 3474 897 3536 superscriptam-68
911 3473 1018 3524 ALeld.
1030 3479 1053 3522 l.
1065 3474 1138 3524 obest
1149 3479 1185 3522 tot
1201 3474 1342 3524 unam—ot
1358 3472 1402 3521 lla
1418 3485 1433 3520 e

338 3534 415 3583 codd.
434 3532 543 3597 P13bins
554 3549 562 3593 ;
578 3536 615 3582 ita
631 3538 710 3584 etium
721 3537 818 3588 Brund.
831 3542 854 3586 l.
865 3541 889 3588 2.
900 3544 927 3587 et
938 3538 1054 3603 plerique
1065 3540 1171 3587 Torreu.
1182 3553 1239 3587 orum
1249 3539 1310 3587 Vet.
1323 3546 1350 3586 et
1362 3537 1433 3599 Meg.

337 3604 428 3648 cureret
439 3597 513 3649 held.
524 3603 548 3646 t.
561 3604 589 3646 et
600 3599 696 3661 Copes.
707 3601 774 3649 unde
786 3601 907 3650 Perisou.
928 3602 996 3665 conj.
1012 3607 1106 3666 cuperet
1113 3619 1124 3661 ,·
1141 3601 1235 3652 Leidd.
1255 3606 1279 3651 l.
1290 3607 1314 3650 t.
1326 3607 1349 3651 o.
1366 3614 1433 3650 curru·

336 3666 375 3710 ret
381 3676 392 3721 ,·
407 3670 434 3713 et
446 3664 484 3714 ric
496 3661 574 3712 Aldd.
588 3663 669 3713 Coliu.
679 3664 817 3728 Grypum
827 3666 919 3730 steph.
928 3665 1058 3730 probante
1071 3667 1175 3728 (ludio;
1191 3672 1258 3716 caret
1267 3665 1342 3716 Harl.
1353 3679 1432 3715 orem-

831 3809 939 3862 NO'l'lE

366 3923 460 3987 'Apud
476 3925 563 3974 Persas
572 3923 685 3989 capitale]
709 3922 788 3988 Apud
800 3938 864 3988 quos
904 3924 949 3975 lib.
961 3937 980 3974 r.
993 3939 1050 3988 cap.
1060 3928 1084 3976 2.
1095 3939 1164 3974 num.
1174 3929 1200 3974 2.

334 3994 378 4047 lex
389 4008 462 4049 erat:
480 3999 524 4050 ‘Sl
537 4001 592 4065 quis
601 4001 626 4051 iu
642 4001 708 4050 solio
719 4003 792 4064 regio
804 4014 864 4050 uon·
935 3999 951 4030 ⁶
963 3999 1012 4050 An.
1025 3999 1064 4048 Μ.
1076 4003 1150 4049 3726.
1168 3999 1277 4050 02113.
1286 4003 1308 4047 l.
1326 3996 1391 4047 Urb.
1401 4001 1432 4050 C.

335 4071 442 4134 sederit,
452 4076 549 4139 capital
568 4075 642 4127 osto?
669 4077 807 4127 Frontinus
819 4076 863 4126 lib.
902 4079 960 4125 425.
979 4075 1167 4126 Aeacum.

334 4157 374 4194 lv.
392 4145 435 4194 De
455 4157 537 4198 morte
556 4151 698 4200 Alexandri
710 4151 753 4201 lib.
771 4165 790 4201 ι.
803 4165 862 4214 cap.
935 4150 1009 4206 run.
1020 4152 1059 4200 M.
1071 4155 1145 4202 atto.
1162 4151 1269 4203 Otllt.
1282 4156 1305 4202 l.
1322 4149 1388 4201 um.
1399 4150 1433 4202 C.

334 4223 358 4272 7.
372 4234 440 4269 uum.
452 4224 477 4271 2.
509 4224 551 4272 De
572 4225 703 4275 Pisistrati
724 4228 861 4288 tyrannide
902 4231 958 4280 429.
976 4231 1038 4276 Ant.
1050 4228 1096 4278 Ch.
1108 4231 1165 4276 222.
