3234 5110
347 401 413 468 576
657 409 813 459 vinoun
839 407 983 460 nexuri
1010 411 1081 456 nir.
1106 409 1138 453 v.

347 565 477 628 bunus⁵
499 553 629 644 plebis'³
651 551 825 634 Agrariam
845 551 949 632 legem
969 553 1093 634 primus
1111 551 1241 627 tulerat,
1260 551 1439 636 multisque

348 665 423 730 aliis
438 659 536 722 rebus
551 655 757 740 populariter
771 653 903 717 animos
922 652 1091 716 hominum
1111 671 1221 716 amore
1236 653 1289 714 sui
1305 653 1441 719 devinc-

347 771 400 829 tos
417 760 562 835 tenebat,
575 761 754 840 postquam
769 753 863 819 illam
885 758 1084 837 potestatem
1101 752 1268 834 deposuit,
1285 753 1439 820 adhibito

271 845 273 848 ⁵
346 862 605 948 propinquorum
620 862 654 920 et
669 857 851 920 amicorum
865 851 1018 926 consilio,
1034 851 1183 915 affectati
1201 852 1290 933 regni
1306 853 1440 918 crimine

347 964 437 1028 domi
452 961 640 1024 damnavit:
671 956 926 1036 verberibusque
943 951 1112 1029 affectum,
1127 951 1239 1015 necari
1252 952 1373 1035 jussit:
1396 974 1438 1030 ac

345 1063 515 1149 peculium
530 1060 601 1144 ejus
617 1057 728 1122 Cereri
743 1054 975 1120 consecravit*
1338 1137 1341 1142 Ι
1417 1143 1419 1147 ι

387 1166 421 1228 3.
444 1163 484 1227 Τ.
515 1167 627 1225 autem
658 1155 833 1223 Manlius⁶
869 1155 1083 1237 Torquatus:
1118 1159 1277 1236 propter⁷
1310 1158 1440 1237 egregia

345 1265 450 1330 multa
464 1283 547 1328 rarae
559 1260 740 1342 dignitatis,
747 1258 833 1340 juris
844 1275 978 1338 quoque
990 1255 1111 1332 civilis,
1120 1261 1155 1318 et
1170 1273 1337 1319 sacrorum
1353 1277 1438 1340 pon-

344 1367 517 1431 tificalium
537 1361 771 1445 peritissimus,
784 1359 821 1421 in
835 1357 1000 1420 consimili
1022 1356 1115 1420 facto
1138 1375 1178 1419 ne
1201 1357 1343 1421 consilio
1364 1361 1438 1440 qui·

343 1467 420 1531 dem
434 1461 695 1529 necessariorum
711 1459 856 1540 indigere
871 1478 909 1524 se
925 1458 1077 1524 credidit
1122 1457 1212 1522 Nam
1232 1477 1308 1522 cum
1324 1460 1366 1524 ad
1383 1481 1438 1524 se-

342 1572 456 1631 natum
474 1561 674 1628 Macedonia
689 1559 731 1624 de
745 1559 816 1624 lilio
832 1559 907 1642 ejus
929 1559 974 1624 D.
990 1559 1118 1636 Sileno,
1133 1560 1193 1643 qui
1213 1579 1288 1624 earn
1301 1562 1438 1643 provin-

342 1667 430 1732 ciam
445 1665 646 1740 obtinuerat,
661 1661 813 1745 querelas
827 1679 888 1743 per
901 1661 1029 1744 legatos
1045 1661 1227 1738 detulisset,
1242 1681 1264 1725 a
1279 1662 1437 1730 Patribus

346 1767 547 1849 conscriptis
563 1764 675 1846 petiit,
690 1766 755 1826 ‘ne
770 1762 851 1846 quid
874 1767 949 1828 ante
965 1761 1007 1826 de
1023 1782 1064 1828 ee
1077 1782 1111 1828 re
1126 1769 1320 1843 stamereut,
1336 1786 1438 1850 quam

344 1871 419 1952 ipse
436 1865 674 1943 Macedonum,
689 1865 817 1948 filiique
831 1866 897 1942 sui,
912 1885 1051 1930 causam
1069 1865 1298 1948 inspexisset!
1338 1866 1438 1932 Sum·

342 1989 399 2034 nro
413 1967 534 2032 deinde
555 1985 633 2032 cunr
655 1966 856 2048 amplissimi
879 1965 1019 2044 ordinis,
1034 1974 1104 2031 tum
1125 1967 1226 2031 etiem
1241 1987 1363 2045 eorum,
1379 1971 1438 2052 qui

346 2077 501 2154 questum
530 2073 701 2146 venerant,
731 2086 897 2132 consensu
926 2068 1115 2149 cognitione
1149 2077 1320 2150 suscepta,
1346 2069 1439 2136 domi

345 2172 514 2237 consedit:
534 2169 693 2252 solusque
703 2169 839 2250 utrique
852 2169 937 2250 parti
949 2188 1010 2251 per
1020 2176 1128 2232 totum
1138 2169 1278 2232 biduum
1290 2173 1437 2250 vacavit,

345 2292 385 2338 ac
402 2271 497 2336 tertio
511 2269 701 2353 plenissime
715 2266 793 2345 die,⁸
815 2268 1132 2352 diligentissimeque
1144 2270 1268 2335 auditis
1284 2272 1437 2349 testibus,

344 2374 391 2436 ite
407 2371 652 2454 pronuntiavit:
684 2369 790 2433 ‘Cum
815 2370 964 2433 Silanum
987 2371 1092 2435 filium
1107 2391 1217 2434 meum
1239 2375 1400 2454 pecunias
1415 2393 1438 2436 a

344 2473 446 2538 sociis
472 2471 648 2554 accepisse
671 2470 749 2535 mibi
770 2471 947 2553 probatum
973 2472 1027 2549 sit,
1050 2479 1085 2538 et
1104 2473 1280 2556 republica
1305 2493 1381 2538 eum
1404 2481 1438 2538 et

800 2662 982 2683 §mou

343 2793 390 2837 -5
408 2786 514 2851 Pighius
534 2787 672 2852 legendum
684 2788 754 2852 conj.
770 2788 810 2852 qui
829 2803 881 2838 cum
899 2788 1019 2848 tributim
1036 2789 1081 2839 sed
1093 2803 1181 2840 omnes
1192 2789 1269 2840 codd.
1282 2791 1378 2840 babent
1389 2791 1435 2840 tri·

343 2851 424 2909 bunut,
441 2859 533 2902 contra
548 2849 661 2901 historiae
679 2851 766 2912 fldem,
783 2853 851 2917 quod
871 2853 974 2903 Valerio
995 2855 1057 2903 vitio
1075 2853 1193 2904 tribuunt
1215 2855 1435 2917 iuterpretes.-d

342 2915 467 2964 Nonnulli
479 2916 553 2965 codd.
570 2931 627 2966 eum
640 2918 700 2968 Vct.
715 2917 792 2965 Gutus
802 2923 882 2966 autem
893 2919 1059 2982 Megalia—⁷
1075 2919 1288 2982 ‘Christopborur
1304 2918 1389 2968 Rufus
1407 2919 1435 2968 in

341 2979 557 3044 Antexegemutis
567 2986 720 3045 propropter
730 2981 868 3045 legendum
881 2990 957 3046 putat
975 2988 1063 3046 prater
1071 2999 1081 3041 ,·
1098 2982 1175 3047 idque
1191 2982 1300 3031 suadere
1316 2984 1435 3032 voculam

340 3059 439 3108 quoque,
454 3059 511 3108 qnae
531 3059 590 3093 nrox
608 3047 733 3110 seqnitur.
768 3043 803 3095 At
823 3061 853 3096 ue
865 3047 903 3096 ita
914 3048 938 3095 in
951 3049 1008 3097 eod.
1019 3047 1128 3111 quodam
1139 3055 1166 3096 et
1179 3047 1303 3110 scriptam
1315 3047 1414 3110 reperit
1427 3064 1434 3096 :

340 3119 438 3222 rltpasqurte
452 3109 541 3222 itt'tdegr
558 3109 583 3157 in
596 3123 645 3223 unq
655 3061 862 3224 fflllmaujebr'
881 3111 920 3221 Eli¹
933 3119 972 3222 ἵει
989 3113 1093 3224 prgptlno
1108 3111 1332 3223 ¹idBcogcilnnipsfii
1350 3110 1435 3223 georg.

391 3185 631 3222 extraneae
687 3188 763 3224 ero.
793 3189 886 3236 .puer
923 3189 985 3224 eren
1035 3191 1131 3224 rur..
1166 3189 1278 3224 ar..e
1334 3189 1348 3223 e
1378 3189 1436 3224 c..

338 3241 435 3299 propter
444 3239 526 3287 ceteri
536 3187 623 3287 ogram
634 3239 757 3288 retinent.
789 3239 853 3288 Mox
863 3239 1045 3300 militurtrJ'urit
1053 3254 1142 3304 quoque
1150 3239 1176 3288 irr
1185 3239 1266 3289 Berb.
1277 3243 1349 3288 l.-8
1357 3239 1435 3288 Multi

839 3401 944 3452 NOTAE

372 3541 384 3574 ¹³
401 3541 501 3604 Filium,
521 3543 562 3605 qui
576 3545 685 3594 tribunus
702 3545 789 3608 plebis]
810 3545 867 3595 lloc
909 3547 976 3596 illius
992 3547 1061 3596 redes
1082 3547 1185 3607 dirutae,
1208 3547 1277 3596 bona
1294 3546 1436 3610 publicata,

342 3615 420 3668 etiem
439 3619 465 3667 iu
478 3619 542 3680 loco,
563 3628 593 3668 rrt
612 3619 638 3668 in
657 3621 746 3670 multis
765 3621 833 3680 aliie,
852 3636 868 3670 n
909 3620 1006 3687 filiique
1017 3623 1172 3672 hereditate
1182 3623 1286 3686 privati.

314 3692 464 3771 quonysio
475 3701 504 3744 et
521 3694 592 3744 Lirio
604 3695 724 3744 dissentit
734 3696 866 3744 Valerius:
941 3697 1020 3750 trin.
1035 3699 1158 3749 Metto
1194 3699 1238 3748 01.
1254 3702 1332 3748 inl.
1368 3697 1433 3747 Urb.

323 3780 388 3833 {nec
403 3771 471 3820 euim
483 3771 614 3820 Tribunus
624 3778 680 3821 eret
697 3771 800 3820 Cetrius
812 3771 867 3832 ille,
909 3773 1008 3824 ceco.
1038 3775 1225 3826 Anacutas.

358 3857 389 3893 ee
407 3851 520 3908 epatre
546 3845 616 3896 domi
638 3845 793 3906 damnatum
821 3845 866 3896 red
939 3850 1075 3898 *Mundus
1099 3848 1243 3912 lor-quotue]
1268 3848 1320 3900 Qui
1339 3848 1434 3898 Consul

362 3920 482 3968 curulum
504 3921 611 3984 triplici,
629 3920 776 3984 duplicique
798 3920 866 3970 illue·
908 3923 992 3974 fuerat
1004 3939 1070 3974 anuo
1082 3924 1162 3974 Urbis
1172 3928 1229 3974 ⁵89.
1250 3931 1303 3972 trun
1321 3937 1433 3972 summus

373 4009 385 4040 s
411 3996 553 4060 triumpho,
576 3997 788 4048 aQuarstoribus
808 3998 865 4046 (Ξε-
906 3999 1040 4050 Pontifex.
1074 3996 1436 4050 intertrimentum&-

355 4072 498 4122 ueratro
520 4080 548 4122 et
576 4074 605 4123 1..
627 4073 733 4132 Vsterio
761 4072 864 4122 ambite
905 4075 1020 4134 miratur,
1031 4075 1100 4139 quod
1116 4075 1150 4124 D.
1163 4075 1250 4124 Silano
1270 4073 1295 4122 irr
1314 4072 1435 4135 adoptio-

355 4142 381 4198 ¹5
398 4148 479 4196 unidls
501 4157 644 4212 accusetur,
666 4165 681 4200 e
705 4164 770 4212 rupe
789 4163 865 4212 spec·
904 4149 1123 4200 nemdetueeret.
1142 4147 1434 4200 l'rretorltleredouinm

356 4214 381 4257 ²³
435 4223 529 4284 populo
557 4238 674 4287 praeceps
702 4232 775 4273 ectus
804 4231 863 4274 est:
904 4225 1060 4274 obtinuerat.
