3234 5110
329 391 394 458 578
630 401 787 452 vrnunrr
815 400 959 450 urxrur
985 401 1055 448 ιω.
1073 401 1109 448 v.

330 570 430 638 quam
444 551 556 633 ipsum
570 552 639 613 tem
653 545 815 610 deformis
830 545 918 627 sugas
938 562 1031 608 reum
1046 544 1213 608 visurum.¹
1253 543 1375 628 ltaque
1390 546 1422 610 si

330 652 412 739 quid
441 649 541 715 modo
568 649 733 731 reliquum
758 648 792 710 in
815 655 953 729 pectore
982 643 1201 710 verecundiae'
1217 652 1427 728 superesset,

330 757 550 838 conspectum
572 751 757 832 degenerati
779 750 885 832 patris
909 747 1161 813 vitaturumz'¹⁴
1197 747 1425 813 recordatione

331 859 421 924 enirn
441 855 590 938 juventae
613 870 696 929 suae,
718 850 828 933 qualis
856 848 1046 914 M.Scauro
1071 855 1129 912 aut
1152 846 1338 926 habendus,
1362 857 1424 914 aut

328 955 545 1042 spernendus,
561 958 649 1020 esset
658 952 759 1028 lilius,
771 950 1018 1015 admonebatur.
1048 947 1127 1026 Quo
1138 949 1258 1012 nuntio
1271 957 1425 1032 aceepto,

325 1059 461 1144 juvenis
477 1061 616 1123 conotus
631 1060 685 1119 est
699 1051 816 1116 fortius
832 1051 992 1114 adversus
1003 1049 1221 1132 semetipsum
1234 1049 1347 1131 gladio
1358 1051 1422 1127 uti,

331 1177 431 1243 quam
445 1157 606 1223 adversus
619 1156 736 1220 hostes
749 1173 829 1217 usus
844 1149 978 1217 fuerat'

330 1283 333 1290 ’
374 1263 405 1322 5.
429 1259 505 1324 Neo
520 1260 630 1321 minus
646 1257 793 1320 animose
806 1251 850 1316 A.
866 1253 1017 1329 Fulvius,
1040 1252 1092 1316 vir
1106 1254 1263 1318 senatorii
1286 1255 1422 1332 ordinis,

331 1367 465 1426 euntem
486 1361 521 1422 in
536 1357 643 1422 aciem
665 1357 772 1420 lilium
795 1357 945 1433 retraxit,
960 1374 1062 1438 quam
1087 1353 1233 1419 Scaurus
1258 1375 1277 1418 e
1302 1356 1421 1438 praelio

329 1462 507 1544 fugientem
521 1458 692 1542 increpuit.
738 1456 895 1541 Namque
904 1458 1060 1540 Juvenem
1073 1465 1107 1523 et
1119 1457 1252 1539 ingenio
1267 1467 1300 1521 et
1313 1458 1420 1522 literis

331 1568 364 1625 et
377 1562 483 1625 forma
496 1561 582 1624 inter
599 1559 747 1641 aequales
764 1559 927 1634 nitentem,
951 1575 1055 1640 pravo
1073 1557 1215 1621 consilio
1240 1558 1422 1622 amicitiam

331 1661 486 1726 Catilinae
501 1667 663 1735 secutum,
677 1659 777 1743 inque
791 1665 901 1723 castra
915 1657 986 1741 ejus
1000 1658 1177 1723 temerario
1191 1659 1318 1740 impetn
1326 1677 1421 1722 uren

327 1769 409 1839 tem,
424 1763 534 1826 medio
555 1763 707 1825 itinere¹⁵
730 1761 933 1825 abstractum
957 1759 1124 1842 supplicio
1150 1760 1268 1826 mortis
1292 1758 1424 1825 offecit:

330 1862 500 1948 praefatus,
527 1860 628 1926 ‘Non
647 1881 684 1925 se
708 1860 862 1924 Catilinae
885 1860 980 1923 illum
1006 1857 1168 1924 adversus
1192 1861 1346 1943 patriam,
1361 1861 1423 1925 sed

329 1965 446 2048 patriae
461 1962 624 2027 adversus
638 1962 817 2026 Catilinam
834 1961 1019 2043 genuisse),
1056 1963 1180 2039 Licuit,
1194 1961 1300 2026 donec
1315 1962 1426 2027 civilis

329 2064 412 2129 belli
430 2066 543 2128 rabies
558 2065 754 2147 praeteriret,
769 2065 931 2128 inclusum
953 2083 1082 2130 arcere:
1105 2083 1220 2128 verum
1233 2062 1314 2128 illud
1331 2064 1422 2130 cauti

330 2167 437 2248 patris
451 2171 637 2230 narraretur
651 2183 751 2247 opus,
766 2164 831 2229 hoc
845 2165 951 2229 severi
964 2165 1127 2230 refertur.l

338 2379 342 2388 ’
362 2381 373 2414 ⁶
392 2381 474 2432 Potuit
483 2384 575 2445 quidem
585 2383 766 2448 Fulviujllium
776 2390 855 2434 tenere
865 2386 987 2448 iacturum,
1002 2387 1074 2434 done
1082 2383 1156 2444 furor
1166 2383 1219 2433 tetta·
1229 2383 1307 2432 civilio
1314 2383 1423 2444 preterl-

330 2450 368 2495 ret
376 2462 386 2504 ,·
401 2449 442 2496 ard
449 2447 508 2497 illud
517 2447 646 2506 referretur·
655 2452 682 2495 rrt
694 2461 748 2510 opus
756 2448 836 2510 patris
844 2449 946 2510 providi,
956 2449 998 2499 loe
1007 2463 1072 2512 nero,
1082 2448 1219 2512 quodsecit,
1229 2448 1311 2513 filium
1317 2447 1423 2497 occider·

330 2511 359 2558 do
367 2515 480 2561 narratur
488 2517 514 2561 ut
523 2513 662 2574 praeterunt
671 2510 745 2560 mai
752 2511 832 2575 patris
836 2511 941 2570 facim.

779 2656 960 2676 mmm

331 2753 404 2814 Meg.
418 2753 458 2814 qo
478 2754 576 2814 diceret,
594 2754 662 2817 qnod
684 2753 764 2816 magis
785 2753 873 2815 placet
889 2752 1015 2802 Turranio
1027 2758 1055 2802 et
1065 2752 1244 2816 Remulo-lt
1260 2751 1322 2802 ‘Sic
1333 2767 1419 2803 omnes

330 2817 434 2865 omniuo
449 2817 512 2866 Man.
529 2817 632 2866 codices
648 2825 677 2866 et
694 2819 769 2868 editt.
783 2823 901 2877 vetusta,
913 2825 1010 2878 praeter
1022 2816 1119 2866 Cauch.
1136 2817 1163 2866 iu
1175 2830 1224 2881 quo
1236 2815 1321 2865 uitaret
1329 2833 1339 2874 ,-
1356 2818 1424 2867 unde

331 2881 441 2941 Pighius
459 2881 572 2945 conjecit
581 2884 682 2943 degener
695 2882 754 2930 irati
771 2882 850 2944 putris
865 2880 962 2930 edna.
994 2880 1075 2930 sensu
1088 2881 1190 2943 quidem
1202 2880 1276 2941 bono,
1287 2888 1315 2928 at
1328 2890 1421 2930 contra

329 2944 463 2995 librorum¹
475 2945 570 3005 tidem
594 2945 661 2994 unde
683 2945 826 2994 Torreuiue
850 2945 987 2994 lectionem
1006 2951 1047 2994 tot
1065 2943 1130 2996 Mat.
1150 2954 1178 2994 et
1199 2944 1271 2993 editt.
1292 2943 1420 2993 firmatum

331 3009 472 3058 revocarit.
505 3009 559 3062 Pro
569 3008 677 3069 juvente
687 3007 905 3068 vet.juoerrrru.’
922 3008 1074 3071 Kapp-lt
1095 3007 1217 3060 Nonnulli
1234 3007 1295 3057 Mra
1306 3007 1333 3056 ia
1344 3009 1420 3058 modio

328 3072 431 3130 itiitere,¹
448 3072 516 3136 quod
536 3077 653 3136 vulgatas
672 3080 732 3123 ante
744 3073 864 3136 Pighiurn
882 3072 1010 3121 editiones
1020 3071 1123 3123 obsedit
1134 3081 1229 3136 preter
1241 3071 1313 3135 Meg.
1339 3071 1421 3122 Porro

331 3135 404 3188 uero.
417 3141 440 3186 1.
451 3147 479 3186 et
490 3137 587 3200 Medic.
600 3143 623 3189 l.
634 3141 659 3188 1.
674 3142 805 3187 retractum
815 3136 940 3186 scribunt.

822 3281 928 3334 NOTAE

362 3392 377 3421 ⁶
394 3392 446 3441 An.
458 3393 496 3443 M.
507 3397 581 3446 ³962.
592 3394 636 3447 01.
645 3400 701 3448 roo.
712 3400 737 3446 t.
749 3395 812 3446 Urb.
824 3397 854 3447 C.
928 3395 999 3447 trin.
1008 3396 1046 3444 Μ.
1056 3398 1129 3446 1991.
1147 3396 1190 3446 01.
1209 3398 1264 3447 179.
1273 3399 1298 3448 2.
1314 3394 1378 3450 Urb.
1391 3397 1422 3447 C.

329 3471 386 3518 ull.
402 3467 465 3518 Aut.
474 3465 522 3518 Ch.
533 3472 588 3520 lttl.
895 3471 952 3524 690.
967 3469 1030 3522 Ant.
1041 3471 1089 3522 cn.
1099 3475 1139 3521 112.
