3180 5120
554 444 601 491 nn
627 443 805 492 uouruuu
833 441 1014 494 aruroun.
1252 429 1316 494 907

223 588 287 652 bus
303 588 433 652 exsecti
448 594 549 650 erant.
593 584 743 663 Servius,
759 587 817 668 qui
830 593 960 651 mortua
974 593 1078 653 matre
1091 589 1125 652 in
1140 594 1237 652 utero
1253 605 1319 650 ser-

224 695 323 754 vatus
348 694 409 752 est.
468 683 594 770 Spurii,
621 696 720 768 patre
748 687 877 750 incerto
912 689 1025 768 geniti,
1054 688 1152 771 quasi
1182 684 1318 772 errr'por.²8

225 788 259 852 N
261 789 378 853 umerii
393 789 467 852 sola
476 788 618 870 patricia
627 786 757 852 familia
766 806 829 851 usa
838 792 890 851 est
905 787 1013 852 Fabia
1023 807 1033 867 3
1043 795 1070 840 ²⁹
1091 788 1218 853 idcirco
1228 786 1320 869 quod

225 890 376 953 trecentis
392 907 454 952 sex
470 888 560 970 apud
576 886 764 952 Cremeram
780 889 902 953 flumen
915 891 1026 968 caesis,
1042 890 1099 973 qui
1114 907 1200 952 nnus
1219 906 1264 951 ex
1279 906 1320 950 ea

224 990 329 1070 stirpe
343 991 510 1066 extiterat,
524 989 628 1052 ducta
641 991 674 1052 in
689 989 935 1052 matrimonium
955 1009 1061 1054 uxore
1075 988 1146 1053 filia
1169 987 1319 1052 Numerii

225 1088 364 1154 Otacilii
395 1090 659 1168 Maleventani,³⁰
694 1091 823 1154 subeo
851 1095 963 1171 pacto,
990 1097 1029 1153 ut
1054 1109 1152 1172 quem
1175 1090 1319 1172 primum

223 1188 326 1253 filium
341 1191 548 1268 sustulisset,
570 1192 602 1255 ei
627 1191 768 1254 materni
783 1190 872 1252 avi³¹
907 1208 1099 1269 praenomen
1122 1190 1320 1270 imponeret,

224 1291 477 1374 obtemperavit.

267 1389 488 1472 Antiquarum
504 1389 679 1453 mulierum
700 1387 733 1450 in
753 1407 818 1450 usu
840 1387 1006 1471 frequenti
1030 1387 1234 1471 praenomina
1248 1387 1319 1451 sne-

224 1497 313 1566 rnnt,
328 1488 469 1565 Rutilia,
485 1488 639 1566 Caesella,
656 1487 852 1564 Rodocella,
869 1487 1024 1552 Muroula
1035 1508 1044 1568 ;
1054 1495 1079 1536 ³²
1102 1488 1208 1552 Burra
1227 1506 1320 1552 aco-

224 1588 297 1652 lore
312 1588 412 1653 dicta.
457 1589 527 1653 lsta
541 1589 744 1671 praenomina
761 1607 782 1652 a
796 1588 880 1654 viris
902 1594 1011 1653 tracta
1030 1597 1121 1666 sunt,
1143 1587 1237 1664 Gaia,
1252 1588 1318 1652 Lu-

226 1689 293 1767 cia,
308 1688 444 1763 Publio,
460 1690 494 1754 N
497 1690 665 1753 umeria³⁴
706 1688 857 1754 Ceterum
875 1687 972 1766 Gaia,
996 1709 1057 1753 usu
1083 1707 1186 1770 snper
1208 1689 1321 1750 omnia

226 1789 393 1855 celebrata
410 1798 475 1856 est.
530 1791 645 1853 Fertur
671 1790 768 1867 enim,
794 1787 911 1853 Gaiam
941 1788 1115 1852 Caeciliam
1143 1786 1320 1869 Tarquinii

227 1888 335 1955 Prisci
349 1892 437 1972 regie
451 1911 592 1956 uxorem
607 1891 770 1973 optimam
784 1889 953 1954 lanificam
966 1889 1092 1954 fnisse:
1123 1893 1159 1951 et
1173 1887 1253 1950 ideo
1268 1888 1318 1949 in·

226 1990 381 2055 stitutum
410 2011 495 2069 esse,
527 1997 565 2054 ut
593 2009 688 2054 novae
725 1997 839 2073 nuptae
868 1994 946 2053 ante
966 1987 1105 2072 januam
1134 1988 1240 2052 mariti
1270 1989 1319 2050 in-

225 2097 412 2172 terrogatae,
435 2111 588 2175 quaenam
619 2096 830 2167 vocarentur,
864 2090 984 2156 Gaiam
1014 2108 1093 2153 esse
1115 2107 1151 2152 se
1172 2088 1319 2152 dicerent

226 2190 280 2275 [C.
291 2191 400 2272 Titii]
408 2199 433 2238 ³⁵

225 2416 300 2465 Actes
311 2417 370 2468 edd.
382 2425 442 2469 rute
453 2419 529 2484 Pige.
542 2427 571 2469 et
581 2417 677 2482 Ultrsj.
689 2421 715 2468 Β.
731 2419 761 2467 st
770 2419 846 2468 Acten
857 2431 922 2466 unus
937 2417 1046 2465 Torren.
1066 2415 1095 2464 nt
1106 2415 1168 2466 Ales
1179 2415 1252 2466 [reid.
1264 2420 1320 2465 8.-

224 2483 257 2528 28
273 2481 341 2532 Edd.
352 2489 416 2534 vett.
427 2485 534 2547 Epopoer
555 2484 644 2544 camp.
658 2484 738 2546 Epope
747 2483 808 2538 aliir
822 2480 941 2530 Ssrnbuc.
952 2480 1090 2544 Ethiopnrri.
1123 2479 1190 2529 Vide
1205 2481 1281 2542 Pigh.
1293 2482 1318 2528 in

224 2543 287 2594 Ver.
298 2545 427 2596 Not-au
444 2549 538 2610 Copes.
547 2555 573 2596 et
583 2545 733 2596 Terrenisai
743 2552 772 2595 ut
782 2547 808 2594 in
825 2552 909 2606 textu,
919 2551 946 2592 et
954 2545 992 2594 sic
1001 2545 1078 2608 vulgo
1089 2559 1097 2603 ς
1108 2545 1319 2592 tantummodum

225 2609 260 2650 stt
277 2607 353 2655 Fadio
374 2611 492 2658 Sumbuc.
512 2611 616 2672 patricio
629 2625 690 2672 gerit
705 2609 803 2669 seruilio
819 2613 856 2660 est
871 2623 914 2657 ssa
930 2607 1014 2657 Fadia
1028 2621 1161 2671 prenomen
1179 2610 1215 2655 “i
1223 2622 1233 2664 r·
1251 2605 1318 2654 ⁰⁰⁶0

226 2664 350 2727 Pighius:
373 2671 422 2714 rota
456 2703 463 2716 .
481 2686 539 2728 gens
554 2685 596 2718 usa
611 2679 647 2722 est
659 2675 735 2723 Fabiu
747 2672 900 2736 prenomine.
917 2671 1038 2720 Perizon.
1050 2670 1120 2733 conj.
1133 2668 1253 2718 Numeriis
1263 2685 1283 2719 s.
1294 2685 1319 2732 p.

226 2741 252 2774 ν·
270 2742 291 2776 e·
302 2728 402 2803 sporn
423 2685 573 2802 terlio-7³0
590 2733 976 2806 ‘Copendartninrrrotriurosio
995 2736 1036 2784 Ns
1083 2747 1157 2782 uxore
1167 2733 1233 2798 fllia,
1245 2734 1320 2798 Nsyrr

226 2791 337 2840 Jotuerlrr
357 2791 517 2840 Mutesestnlr.
551 2791 658 2854 Exque
679 2795 780 2842 ridetur
798 2800 876 2848 etiam
896 2799 948 2848 filis
968 2799 1012 2847 ills
1047 2798 1100 2847 icta
1117 2811 1176 2846 esse
1196 2798 1318 2846 Numerio.

227 2855 301 2919 Noun
312 2862 352 2905 est
364 2855 488 2918 scriptum
501 2867 548 2917 pro
558 2855 633 2902 Num.
664 2853 738 2903 Solet
748 2857 816 2903 enim
827 2859 869 2906 hle
880 2861 1001 2910 librarius
1017 2862 1130 2912 vocalem
1141 2861 1151 2909 s·
1163 2861 1237 2911 initio
1249 2861 1319 2910 vocis

226 2918 266 2966 rel
280 2920 421 2982 postelinru
434 2919 548 2967 rocslem
560 2917 675 2966 scribere
687 2929 733 2979 per
741 2931 768 2992 p.
797 2919 863 2968 llinis
883 2934 944 2968 vero
960 2931 1033 2982 putet
1054 2937 1112 2972 erse
1130 2925 1255 2984 scriptum
1272 2937 1319 2983 pro

226 2982 300 3033 Num.
320 2983 347 3032 id
366 2989 416 3044 est,
435 2981 571 3041 Numerius,
587 2982 628 3029 vel
645 2982 770 3029 Numeres.
803 2980 842 3028 Eo
859 2993 922 3028 vero
932 2985 1012 3043 megia
1023 2986 1100 3031 credo
1112 2985 1251 3032 Numeriem
1262 2999 1319 3033 esse

225 3045 332 3101 dictam,
343 3053 422 3109 atque
432 3044 495 3094 illud
506 3045 640 3108 scripsisse
650 3045 719 3094 huno
730 3041 884 3104 Auctorem,
893 3044 960 3107 qnod
974 3052 1065 3106 postes
1076 3045 1143 3093 inter
1158 3046 1260 3094 nomina
1272 3045 1318 3095 tos·

225 3109 351 3158 rninsrum
369 3115 449 3172 ponet
465 3108 622 3165 Numeriam
644 3108 687 3158 ubl
703 3109 770 3157 male
787 3106 894 3169 Pighius
911 3108 1000 3158 mallet
1018 3107 1142 3162 Moriatur
1159 3108 1220 3172 qrrin
1235 3109 1318 3161 Varro

225 3181 304 3236 negat
316 3173 455 3221 Numerium
465 3172 528 3232 diri,
538 3187 595 3222 cum
606 3181 696 3237 aperte
704 3171 787 3221 codex
795 3171 890 3234 copes.
898 3171 1114 3221 lralrestMurrerin
1123 3185 1170 3233 pro
1182 3172 1317 3222 Numen!

225 3236 409 3286 Peritum-tl
427 3235 480 3285 Pro
501 3236 525 3285 si
542 3239 643 3286 molend
658 3237 698 3285 ari
718 3237 803 3299 rnlgg.
827 3245 888 3284 ente
907 3236 981 3300 Pigln
1002 3241 1026 3284 et
1042 3235 1134 3284 samem
1156 3235 1318 3286 exhibent.-

226 3305 258 3350 tu
275 3301 378 3361 Rutilio,
397 3301 513 3355 Corellio.
531 3300 661 3362 Rodocr'llu,
679 3299 805 3358 Mutrnllu,
821 3300 849 3347 in
865 3299 955 3349 iisdem
972 3299 1032 3349 edd.
1050 3299 1160 3348 mutarit
1179 3299 1287 3362 Pighius
1302 3315 1317 3349 e

225 3371 277 3414 ret.
289 3363 412 3414 cod—tt
425 3364 467 3412 lts
476 3365 596 3414 Sambos.
613 3367 703 3414 Mersa
712 3363 771 3412 edd.
780 3367 845 3412 vett
862 3363 1024 3414 Meniscon'.
1036 3363 1218 3425 Pighius-³⁶
1232 3364 1317 3412 ‘Mol-

226 3435 254 3478 ts
263 3430 306 3478 hie
314 3427 431 3492 dirpntst
442 3427 549 3492 Pighius
561 3435 590 3476 nt
601 3430 693 3493 probet
705 3433 775 3476 recte
785 3426 828 3475 hic
836 3427 914 3476 scribi
928 3429 983 3477 caii
992 3377 1067 3477 iuo:
1079 3441 1127 3489 ego
1137 3428 1316 3476 tamenmallrn

225 3493 332 3542 credere
351 3494 454 3541 omnino
466 3491 574 3540 delends
585 3492 641 3541 linc
652 3506 709 3541 esse
720 3505 778 3542 cnm
791 3490 902 3555 antiquis
918 3491 984 3541 Edd.
999 3500 1027 3540 et
1044 3492 1138 3551 eones.
1155 3491 1198 3540 ubi
1214 3491 1318 3540 ἀίσσω

225 3557 317 3606 ultima
327 3565 368 3604 est
378 3557 453 3620 lrnjus
465 3556 598 3618 Epitornes
610 3570 675 3614 νοις
696 3563 723 3604 et
744 3569 801 3604 cunr
820 3562 871 3604 tam
885 3557 959 3604 rnulti
972 3555 1126 3605 tradiderint
1137 3555 1193 3604 hec
1202 3553 1236 3604 de
1248 3556 1317 3617 Cois,

226 3634 301 3670 nemo
311 3627 397 3670 tumen
407 3620 478 3669 sddit
487 3618 575 3670 dicero
583 3621 672 3670 solitas
684 3618 803 3676 mulieres
814 3633 871 3670 esse
879 3635 906 3669 se
919 3619 991 3670 crtus
1000 3621 1029 3671 C.
1044 3619 1118 3670 Titii:
1130 3618 1250 3669 Perizon.
