3180 5120
404 417 483 464 une.
498 415 526 462 ι.
548 415 596 464 nn
622 416 798 466 nexuum
825 418 871 465 nr
896 419 1078 468 murorum
1216 406 1282 472 823

192 553 295 624 dedit
332 555 410 636 Quo
437 561 588 642 tempore
611 563 773 623 matronae
798 559 974 623 Brutorum
999 558 1149 624 domumJ
1187 581 1281 628 ausae

191 665 271 724 sunt
285 659 448 736 obsidere,
463 659 521 741 qui
545 658 755 738 abrogationi
765 665 791 696 ¹⁰
812 658 898 740 legis
914 654 1060 741 oppia*
1081 659 1282 725 intercedere

190 760 300 841 parati
314 766 419 835 erant,
434 776 533 841 quam
551 758 698 823 foeminae
724 759 798 822 tolli
827 760 1028 842 cupiebant:
1051 758 1132 840 quia
1153 759 1207 823 his
1222 779 1283 824 uec

192 865 287 923 veste
302 859 521 922 variicoluris
544 858 607 935 uti,
631 878 694 923 nec
719 859 791 922 auri
815 860 895 942 plus
913 859 1130 922 semiuncia¹¹
1154 858 1283 934 habere,

190 977 253 1022 noc
273 959 393 1040 juncto
407 957 562 1024 vehiculo
586 959 724 1041 propius
740 957 865 1022 Urbem
885 958 977 1022 mille
992 977 1124 1040 passus,
1146 957 1213 1021 nisi
1228 977 1282 1022 sa-

190 1056 307 1120 crificii
319 1058 438 1140 gratia,
452 1057 529 1120 vcbi
544 1058 772 1138 permittebat.
801 1057 845 1121 Et
859 1059 993 1139 quidem
1005 1064 1030 1094 ¹²
1053 1054 1283 1134 obtinuerunt,¹

188 1165 228 1220 ut
249 1156 309 1240 jus
334 1175 394 1239 per
416 1156 595 1220 continuos
611 1156 729 1237 viginti
756 1175 861 1220 annos
883 1164 1050 1222 servatum
1071 1158 1282 1220 abolereturt

189 1255 268 1321 Non
282 1257 370 1320 euim
384 1255 598 1338 providerunt
620 1255 738 1318 sacculi
762 1255 854 1319 illius
875 1256 949 1332 viri,
973 1256 1017 1320 ari
1039 1275 1138 1339 quem
1154 1257 1281 1320 cultum

188 1354 367 1419 tenderet¹³
388 1355 515 1419 insoliti
539 1360 647 1418 coetus
672 1356 825 1436 pertinax
853 1355 1019 1435 studium3
1057 1364 1117 1420 aut
1145 1375 1213 1438 quo
1243 1373 1281 1420 se

188 1474 297 1538 usque
311 1453 456 1518 effusura
477 1460 566 1518 esset
587 1453 695 1534 legum
710 1453 831 1517 victrix
847 1455 1002 1522 audacia.
1047 1452 1150 1533 Quod
1165 1457 1194 1518 si
1209 1455 1282 1520 ani·

186 1555 233 1618 mi
248 1555 418 1618 muliebris
433 1559 594 1637 oppertus
611 1553 728 1618 intueri
742 1555 975 1636 potuissent‚¹4
994 1557 1117 1639 quibus
1132 1556 1281 1638 quotidie

186 1649 314 1734 aliquid
328 1653 484 1716 nouitatis
499 1655 702 1718 sumtuosius
717 1655 886 1738 adjectum
901 1663 965 1733 est,
982 1657 1017 1720 in
1040 1658 1117 1739 ipso
1142 1654 1279 1718 introitu

185 1752 294 1815 ruenti
306 1752 449 1816 luxuriae
465 1752 683 1816 obstitissent.

231 1850 298 1914 Sed
313 1851 396 1934 quid
411 1869 474 1934 ego
489 1851 530 1914 de
543 1849 688 1916 foeminis
703 1853 845 1917 ulterius
860 1852 1003 1933 loquori
1015 1859 1038 1896 ¹⁵
1061 1870 1146 1934 quas
1167 1859 1202 1915 et
1218 1851 1279 1914 im·

184 1949 349 2015 becillitas
374 1952 507 2028 mentis,
532 1959 567 2015 et
595 1953 781 2034 graviorum
805 1969 943 2034 operum
968 1956 1089 2032 negata
1109 1949 1278 2014 affectatio

183 2069 279 2113 omne
293 2051 440 2114 studium
455 2050 498 2114 ad
513 2051 730 2115 curiosiorem
739 2053 789 2115 sui
805 2050 933 2113 cultum
949 2049 1095 2113 bortatur
1109 2049 1277 2126 conferre3

184 2168 261 2213 cum
275 2155 457 2233 temporum
478 2150 684 2234 superiomm
697 2157 731 2215 ct
745 2151 891 2214 nominis
906 2158 939 2214 ct
953 2150 1055 2214 animi
1077 2150 1277 2214 excellentes

184 2249 284 2327 viros,
299 2250 334 2312 in
348 2249 413 2314 boc
428 2251 547 2333 prisca
563 2251 774 2315 continentiae
788 2251 937 2332 ignotum
957 2250 1187 2316 diverticulum
1201 2267 1277 2332 pro·

181 2347 298 2433 lapsos
313 2349 456 2416 rideam
500 2351 607 2435 quue
616 2352 730 2436 jurgio
745 2352 895 2434 ipsorum
909 2353 1044 2432 puteat.⁶

179 2535 183 2546 '
211 2535 221 2560 ⁶
237 2529 306 2581 Viros
315 2534 452 2584 metientes
461 2531 552 2582 οἰάεωι
560 2531 680 2596 proteum
689 2534 714 2581 ir
724 2531 844 2583 murm
853 2533 959 2593 motum
965 2529 1051 2593 prisctr
1061 2529 1173 2578 maana
1180 2539 1277 2576 misma

179 2593 329 2642 mtirrcntioe
339 2598 399 2645 uiris
405 2612 415 2652 ,-
430 2598 490 2658 quod
498 2610 544 2644 ror
554 2596 605 2644 rinc
614 2597 716 2646 moitis
727 2597 858 2659 ntiquom
867 2595 976 2644 mov.

636 2737 816 2758 monum

178 2830 276 2877 burste
289 2836 349 2877 runt
363 2841 430 2876 mee
443 2825 470 2874 iu
487 2825 757 2887 porrortsrnxoriosis
776 2833 875 2882 coenis!
894 2836 1056 2883 Turres-1⁰
1073 2831 1180 2895 Aliquot
1197 2826 1275 2878 codd.

179 2892 374 2954 utmgmioaemf
392 2889 466 2939 tiari.
477 2897 506 2938 et
517 2888 610 2950 Copcs.
623 2890 648 2936 ia
662 2890 830 2950 abrogatam
847 2896 941 2956 Uitraj.
955 2901 978 2944 i.
995 2911 1038 2957 pro
1048 2894 1273 2955 atramina-il

177 2957 284 3018 Septem
295 2954 371 3004 codd.
381 2967 439 3003 cum
448 2953 509 3001 Vct.
521 2958 549 2999 et
566 2951 638 3014 Meg.
656 2954 815 3001 unium.
848 2956 915 3001 Vide
928 2957 1159 3004 Heins.13orm.et
1173 2951 1273 3001 Rubuk.

178 3019 210 3067 ad
222 3019 290 3067 veti.
302 3031 333 3066 rr.
346 3023 369 3066 i.
379 3020 404 3064 t.
426 3015 489 3064 Mox
500 3013 576 3064 codd.
586 3028 644 3064 cum
654 3017 715 3065 Vct.
728 3016 800 3078 Meg.
811 3023 840 3063 et
859 3016 969 3064 Medici.
980 3018 1043 3064 mitte
1053 3031 1135 3077 poma
1145 3016 1274 3070 rariorum

175 3082 222 3131 red
232 3082 339 3129 Veneti.
357 3078 435 3128 nido.
446 3079 528 3128 colio.
539 3078 640 3142 Grypb.
650 3086 678 3128 et
690 3079 780 3142 Stepb.
790 3080 854 3127 mitte
870 3078 1052 3138 mrim-rr
1069 3077 1185 3138 Equidem
1196 3075 1274 3137 pieri-

177 3158 228 3208 qre
238 3143 313 3193 codd.
344 3143 408 3192 Mox
418 3142 563 3191 mmm
574 3143 668 3204 copes.
680 3151 707 3191 et
720 3143 810 3192 Leidd.
823 3147 847 3191 2.
858 3145 948 3190 a-it
968 3141 1062 3203 Uitrrj.
1080 3145 1102 3188 1.
1122 3139 1274 3194 intendem

176 3209 271 3270 Cunus.
282 3207 400 3267 nm,
416 3213 443 3255 et
455 3206 532 3268 penio
544 3213 603 3268 post
614 3207 685 3255 deiet
695 3210 841 3270 usqua-lt
861 3205 934 3254 Hori.
975 3205 1133 3254 uiaret-lt
1151 3202 1200 3252 Seri
1215 3200 1272 3263 quid

176 3271 237 3330 des.
251 3287 275 3320 ru
286 3267 387 3334 bosori
402 3269 429 3319 in
440 3269 547 3329 ecdcm3
564 3270 628 3318 uitro
638 3271 721 3333 butor
731 3271 795 3320 Vct.
814 3270 878 3318 Tum
890 3269 943 3318 Bar
963 3302 970 3318 .
982 3272 1006 3318 1.
1017 3276 1044 3316 et
1057 3266 1130 3318 beid.
1141 3269 1166 3316 2.
1185 3267 1272 3326 urata

675 3412 781 3464 Nom

204 3512 357 3563 tunimo·
367 3511 471 3573 mm]
483 3510 519 3560 Μ.
528 3516 556 3559 et
567 3511 602 3560 D.
610 3511 704 3560 Bruto·
743 3511 879 3575 aditusque
888 3511 913 3558 iu
925 3508 1010 3558 iorum
1019 3505 1184 3565 obridcbrut3
1201 3519 1271 3554 curu·

175 3602 242 3649 rum,
253 3588 297 3651 qui
310 3597 362 3635 rum
375 3593 452 3634 eruut
462 3584 572 3634 Tribuni
585 3584 676 3648 piebis.
744 3600 793 3650 que
804 3594 832 3635 et
841 3585 880 3634 Μ.
889 3585 956 3634 Cato
966 3583 1071 3644 Cooroi,
1080 3582 1191 3631 etBruri
1199 3579 1270 3629 Trib.

205 3663 305 3725 'lasis
325 3662 421 3728 Oppia]
447 3663 530 3716 Quam
552 3662 649 3712 tulerat
671 3663 701 3712 C.
742 3673 776 3708 nc
796 3673 828 3707 ea
845 3659 888 3707 lex
905 3657 1084 3720 abrogaretur,
1102 3655 1270 3713 obsisterent,

174 3737 275 3800 Oppio·
286 3738 414 3788 Tribunus
425 3738 517 3801 piebis,
528 3738 562 3789 0.
582 3737 663 3786 Fabio
674 3745 702 3788 et
741 3749 793 3783 rruo
815 3735 917 3798 agroino
935 3744 1024 3782 omncs
1043 3730 1213 3779 Tribunoruru
1227 3728 1269 3788 ja·

171 3814 200 3862 Τ.
212 3811 363 3876 Sempronio
375 3813 447 3863 cors.
464 3812 525 3860 rium
536 3812 645 3860 maxime
662 3825 700 3860 ar·
741 3824 804 3857 uuor
819 3807 988 3866 obsederunt,
1000 3805 1045 3867 qui
1065 3801 1192 3865 rogationi
1211 3800 1268 3849 Coi-

171 3887 247 3938 derct
258 3887 335 3938 tutis
345 3887 414 3937 betto
432 3887 531 3936 Punico
542 3885 668 3935 serundo.
741 3885 857 3946 togarum
875 3878 1089 3935 intercedebrut3
1099 3889 1148 3925 nec
1157 3880 1217 3923 tute
1226 3874 1270 3923 rb·

204 3961 259 4012 'Et
281 3962 375 4027 qaidcn
390 3960 553 4022 obtinuerunt]
570 3960 698 4009 Metroon
740 3960 874 4015 stiterunt,
894 3968 970 4018 quum
988 3951 1095 4001 remissa
1113 3948 1267 3999 intercessio

171 4037 250 4098 nulia,
267 4050 315 4088 nec
328 4037 495 4093 auctoritate,
516 4050 564 4085 nec
575 4049 698 4084 verecun·
740 4031 884 4083 a'l'ribunta
901 4035 952 4078 est.

172 4109 224 4169 dia,
243 4123 291 4159 uec
312 4111 419 4172 imperio
442 4109 552 4162 virorum
569 4107 697 4158 contineri
771 4105 852 4164 tin.
864 4105 902 4153 M.
913 4105 985 4152 ³85⁹.
1013 4100 1056 4150 01.
1074 4103 1129 4150 iro.
1144 4103 1169 4150 2.
1198 4098 1263 4148 Urb.

170 4185 257 4236 limine
278 4193 416 4250 petenen
444 4202 531 4237 omues
550 4187 605 4236 rire
628 4185 697 4235 urbis
740 4183 837 4234 stite.
862 4180 925 4230 Ant.
936 4179 983 4228 Cb.
993 4181 1048 4227 194.
