3230 5110
280 446 365 496 ene.
380 445 419 492 ιι.
442 444 490 492 ur
513 441 725 491 rnrrnnrnrr
749 440 871 491 uronis
893 441 970 492 nun
993 442 1132 494 recuro.
1218 429 1282 494 679

195 587 255 657 red
276 594 412 668 ornat03
443 605 487 652 an
507 584 680 669 locupleti,
702 584 799 650 red54
830 601 947 667 parum
968 584 1122 667 probato,
1136 585 1280 652 colloca·

193 691 263 756 ret?
307 688 369 754 Cui
382 691 424 767 is,
438 685 576 764 ‘Melo'
595 685 713 769 inquit,
732 684 861 750 ‘virum
887 685 1037 769 pecunia,
1056 703 1155 768 quam
1179 706 1282 769 pecu·

191 791 283 856 niam
297 791 367 856 viro
391 785 618 870 indigentem:
660 785 738 865 Quo
753 784 845 850 dioto
864 786 1004 853 stultum
1020 786 1158 864 monuit,
1173 791 1211 851 ut
1224 805 1278 870 ge·

192 909 302 956 uerum
314 891 439 974 uotiua,
455 909 557 973 quam
571 889 706 954 divitias
720 888 829 971 generi
844 888 989 971 legeret*

198 1039 201 1046 ,
234 991 286 1056 10.
307 991 390 1074 Age,
406 991 558 1075 Philippi
572 1009 674 1074 quum
684 989 868 1072 probabilis
882 988 1039 1072 epistola,
1049 988 1085 1054 in
1098 986 1280 1074 quanlex-

190 1092 327 1158 andrum
348 1094 553 1176 quorundum
576 1093 798 1158 Macedonum
821 1091 1085 1158 benevolentiam
1106 1094 1281 1174 largitione

191 1191 236 1260 ad
250 1212 287 1257 so
303 1195 467 1258 attrahere
481 1200 637 1258 conatum
653 1195 703 1257 eic
723 1192 909 1274 increpuit:
933 1195 943 1225 ‘
957 1190 1045 1270 Quae
1060 1200 1103 1272 te,
1117 1193 1177 1273 fili,
1192 1197 1280 1261 ratio

191 1294 225 1356 in
238 1294 323 1360 hauc
338 1300 408 1359 tam
423 1313 542 1360 vatnam
557 1312 651 1376 spem
665 1292 807 1368 induxit,
820 1296 858 1356 ut
871 1311 932 1356 eos
947 1295 1006 1358 tibi
1021 1295 1135 1363 fideles
1149 1297 1280 1364 futuros

190 1394 412 1472 existimatae,
427 1414 511 1479 quos
534 1394 679 1477 pecunia
704 1393 748 1457 ud
768 1412 912 1459 amorem
931 1398 981 1461 tui
996 1399 1243 1480 compulieeeel
1258 1419 1280 1464 u

191 1495 326 1560 caritate
347 1496 438 1560 istud
461 1491 670 1578 prestarent
712 1493 762 1557 At
772 1511 854 1561 ¹vero
877 1502 954 1560 ente
975 1495 1150 1582 Philippus
1158 1507 1279 1564 “ma-

187 1595 263 1677 jore
277 1615 322 1660 ex
336 1602 431 1678 parte
445 1602 609 1660 mercator
622 1593 780 1674 Greeciee,
795 1616 893 1679 quern
908 1597 1024 1663 victor.

234 1697 287 1762 11.
312 1696 512 1761 Aristotelea
538 1705 650 1763 autem
681 1697 941 1763 Callisthenem¹²
972 1699 1155 1764 auditorem
1181 1717 1279 1764 suum

191 1795 235 1860 ad
251 1795 482 1862 Alexandrum
496 1797 663 1863 dimittens
672 1796 698 1844 ⁵⁶
719 1799 858 1877 monuit,
881 1803 943 1863 ‘ut
956 1819 1032 1864 cum
1047 1819 1088 1863 eo
1110 1805 1167 1864 eut
1180 1800 1280 1863 raris-

190 1895 285 1974 aime,
296 1906 357 1964 aut
372 1918 470 1981 quam
480 1899 721 1982 jucundissime
735 1901 944 1984 loqueretur:
967 1920 1035 1983 quo
1046 1901 1175 1964 scilicet
1186 1899 1278 1982 apud

189 1997 298 2078 rogiae
315 2018 410 2064 aures
424 2001 478 2064 vol
500 2001 632 2066 silentio
659 2001 773 2078 tutior,
800 2002 855 2065 vel
876 2019 1025 2064 sermone
1048 2007 1139 2065 esset
1161 2019 1278 2084 eccep-

189 2098 273 2163 tior.'
330 2099 378 2164 At
404 2102 461 2165 ille
487 2102 567 2166 dum
596 2101 827 2166 Alexandrum
856 2101 1079 2166 Macedonem
1101 2102 1242 2165 Persica
1252 2109 1280 2151 ⁵⁷

189 2199 393 2265 salutatione
427 2203 624 2285 gaudentem
659 2202 821 2284 objurget,
855 2211 889 2266 et
922 2202 966 2265 ad
999 2200 1278 2266 Macedonicos⁵⁸

189 2317 299 2362 mores
318 2300 460 2366 invitum
484 2321 644 2365 revocare
666 2303 829 2364 benevole
855 2305 1058 2386 perseverat,
1079 2300 1198 2386 spiritu
1222 2321 1278 2368 ca·

642 2491 822 2512 mem

187 2596 275 2648 multia
286 2595 361 2646 codd.
369 2597 475 2648 Torren.
487 2605 516 2648 ut
524 2613 595 2663 repe
607 2599 745 2650 alibi—et
756 2597 968 2662 Coujunctionenr
976 2597 1017 2646 red
1027 2594 1149 2646 omittunt
1160 2595 1278 2646 undecim

187 2661 264 2712 codd.
275 2662 382 2712 Torren.
393 2661 490 2712 etl'et.
501 2669 528 2711 et
545 2663 583 2713 uic
594 2664 678 2713 edidit
694 2664 872 2728 Figulum—nt
889 2661 950 2710 ‘lta
966 2675 1023 2710 eum
1036 2660 1102 2709 Aldu
1118 2659 1200 2708 edidit
1215 2660 1278 2736 ¹³¹8·

186 2723 253 2787 hius,
270 2724 365 2772 unllam
378 2738 411 2772 ea
423 2725 487 2773 Mur.
498 2727 551 2774 unia
563 2729 658 2777 variam
670 2729 810 2790 lectionem
822 2725 940 2785 afferent,
956 2738 1013 2772 cum
1034 2730 1120 2773 tamen
1139 2722 1215 2774 codd.
1234 2725 1277 2774 inte

188 2785 254 2838 adeo
266 2787 378 2833 varient.
409 2786 503 2846 cuper.
515 2789 582 2837 Dan.
593 2789 690 2840 Brund.
701 2799 820 2854 uterque,
838 2791 924 2852 plures
936 2787 1064 2848 Torrenii,
1074 2788 1134 2837 Vet.
1152 2800 1199 2850 pro
1215 2802 1278 2851 pra·

187 2854 268 2900 natur
279 2847 375 2896 liabent
383 2851 460 2906 puter.
493 2847 528 2895 Et
539 2861 586 2910 pro
597 2850 632 2898 Ae
643 2867 699 2900 uero
709 2860 763 2902 uerte
776 2855 815 2901 vel
826 2865 883 2900 auur
893 2853 943 2912 <iun
954 2866 1005 2910 rex,
1020 2859 1049 2899 ut
1060 2850 1151 2914 Ceper.
1170 2851 1210 2899 rel
1220 2866 1278 2902 um

188 2921 219 2962 ut
228 2909 324 2960 Brund.
338 2909 379 2957 rel
391 2923 458 2957 auur.
469 2924 491 2956 o.
503 2917 533 2956 ut
544 2912 609 2956 alter
620 2913 717 2960 Brund.
727 2916 769 2962 vel
787 2921 814 2961 ut
824 2929 877 2962 cero
888 2929 946 2963 aeut
964 2915 1021 2973 eice,
1038 2915 1080 2962 vel
1097 2920 1124 2962 ut
1141 2929 1196 2963 nero
1212 2929 1279 2976 naua,

188 2977 229 3025 vel
239 2979 264 3025 et
274 2989 341 3035 cone,
358 2973 398 3021 vel
410 2985 499 3034 quoque
509 2975 532 3019 et
542 2984 608 3031 acue,
626 2973 665 3020 vel
676 2985 732 3018 acar
741 2987 803 3019 erro.
836 2977 912 3022 Unde
925 2977 1031 3022 ceteros
1041 2976 1164 3036 conjicit:
1182 2976 1205 3025 A
1217 2978 1279 3026 euri-

186 3045 237 3090 tete
257 3039 330 3088 istud.
357 3036 434 3086 Pater
453 3049 506 3083 uero
517 3034 655 3097 Philippica,
671 3047 746 3098 qrram
764 3031 1279 3104 conjecturamvoretluuprobat312eri·

189 3103 277 3154 aouiue
291 3115 351 3150 vero
362 3101 431 3150 iuter
443 3099 506 3147 alie:
525 3101 557 3148 ud
575 3113 676 3147 umorem
695 3098 733 3146 tui
749 3095 896 3159 computum
913 3107 941 3142 uc
959 3098 1091 3144 amtorem.
1124 3099 1194 3145 lrtad
1211 3107 1280 3160 puter

187 3169 237 3228 ejus
257 3165 393 3226 Pereprus.
425 3163 460 3212 Et
481 3161 518 3212 uic
538 3161 680 3212 Turreniua
697 3163 828 3211 Valerium
851 3160 985 3222 arripuisse
1007 3157 1109 3208 credit!
1133 3161 1279 3222 Kriou—td

187 3229 312 3292 Plerique
322 3226 397 3276 codd.
407 3226 513 3275 Torreu.
524 3229 628 3276 mittete.
661 3227 726 3276 Mox
738 3232 764 3276 ut
776 3225 851 3274 decet
860 3225 886 3272 in
898 3224 964 3272 Dan.
976 3221 1069 3284 Copee.
1082 3236 1133 3272 nno
1143 3223 1239 3273 Brend·
1251 3235 1279 3276 et

188 3293 278 3358 paucis
288 3291 351 3340 aliie.
384 3291 493 3342 Quldrm
506 3291 602 3340 habeut
612 3307 664 3340 caut
674 3305 700 3340 eu
708 3297 736 3338 at
744 3303 869 3352 uunquam,
878 3294 918 3337 art
929 3287 1062 3336 minere.-
1078 3287 1150 3351 ltem,
1159 3293 1200 3337 uret
1210 3303 1280 3341 roro.-

275 3356 397 3405 rurirriaro
415 3355 511 3405 habeut
528 3355 654 3404 editiones
676 3361 737 3402 ante
755 3351 885 3416 Piglriunr,
901 3351 947 3402 aed
965 3351 1115 3414 pauciruimi
1135 3352 1278 3404 codd-et

217 3435 264 3470 auc
275 3421 336 3468 lect.
345 3418 420 3468 codd.
431 3426 458 3468 et
470 3419 581 3482 antiquie
591 3419 651 3467 edd.
663 3417 799 3479 firmatam,
813 3417 946 3466 revocavit
961 3416 1072 3465 'ferrem
1091 3429 1148 3466 enm
1170 3417 1279 3480 Pighiua

187 3483 312 3546 dedisset,
327 3483 422 3532 Penta
436 3483 604 3532 Macedonum:
623 3481 718 3544 Ultraj.
729 3489 753 3531 1.
770 3481 843 3530 delet
861 3481 1021 3542 Macedonem,
1038 3487 1067 3530 et
1086 3488 1178 3542 postea
1197 3481 1278 3534 habet

186 3548 327 3598 mlututim
338 3547 489 3596 Macedonico
497 3563 508 3605 ,·
525 3545 619 3608 Ultraj.
630 3549 655 3596 2.
670 3560 727 3594 cum
743 3545 835 3608 Pighio
852 3543 915 3606 legit
927 3545 1096 3602 Macedonum
1112 3544 1158 3593 aed
1178 3545 1277 3596 Medic.

189 3617 212 3661 l.
224 3621 252 3661 et
265 3611 336 3660 Leid.
347 3615 371 3660 2.
383 3611 480 3659 Persico
494 3611 663 3667 Macedonem,
679 3609 771 3670 ceteri,
788 3607 941 3658 Macedonem
960 3607 1131 3657 Pasira-ee
1147 3607 1191 3657 Sic
1210 3609 1277 3659 bene

188 3677 305 3738 reposuit
324 3675 442 3723 Vontiur
468 3687 515 3737 pro
532 3674 658 3736 Piglriauo
680 3672 801 3733 majurum.
834 3673 898 3722 Mox
917 3671 984 3720 idem
1007 3670 1112 3720 leoeuolc
1133 3674 1277 3733 revocavit,

188 3739 256 3804 qrrud
269 3739 375 3802 Pighius
386 3739 621 3789 contradicentibus
632 3738 705 3788 librir
718 3743 888 3801 expunxerint.
911 3733 1015 3785 Deinde
1026 3748 1074 3798 pro
1082 3735 1183 3783 calabrie
1192 3735 1277 3784 Bitur-

681 3881 788 3932 NOTAE

219 4021 231 4066 l
247 4013 297 4063 An.
310 4011 349 4061 Μ.
358 4014 431 4060 teti.
451 4009 494 4060 Ol.
505 4013 545 4062 it.
556 4013 581 4060 t.
600 4007 667 4059 Urb.
679 4009 710 4059 c.
784 4013 795 4040 ¹²
808 4003 984 4068 Gallienam]
1000 4003 1105 4054 Genere
1116 4002 1276 4068 Olynthium,

187 4087 444 4140 martenam.
750 4082 901 4134 Arirtotelir
919 4080 1030 4144 affinem,
1039 4081 1123 4131 virum
1131 4097 1229 4136 tumme
1240 4086 1277 4136 di-

221 4170 233 4220 t
250 4163 300 4212 Au.
311 4161 349 4212 Μ.
362 4165 435 4211 tlte.
448 4160 490 4212 01.
502 4165 558 4212 tto.
569 4163 594 4212 t.
604 4158 669 4211 Urb.
682 4158 712 4209 C·
751 4159 826 4214 cendi
838 4158 963 4211 seculum
974 4157 1121 4223 preditum.

187 4241 245 4288 ttt.
254 4235 316 4286 nur.
325 4236 373 4288 Ch.
384 4239 440 4286 m.
