3230 5110
323 411 388 480 718
612 431 767 482 vinnan
793 433 939 484 usxrur
965 435 1037 486 urs.
1061 435 1127 486 vrr.

323 575 470 651 dextera,
495 591 571 638 curn
595 575 695 640 armis
722 573 906 638 uunuams
928 577 1130 655 clausisset,r
1151 581 1328 666 aggerique
1353 601 1416 650 ex·

321 675 462 741 truendo
485 675 622 740 materia
639 673 808 752 deiiceret,
833 678 984 759 congerie
1006 678 1178 744 hostilium
1202 683 1413 760 cadaverum,

321 795 421 862 quam
437 774 681 840 desideraverat
695 775 901 842 altitudinem
917 779 1094 845 instruxit:
1112 799 1260 864 ¹eamque
1275 785 1412 866 tragulis

321 887 355 945 et
375 877 464 962 pilis,
479 877 560 958 quia
573 878 721 941 roboreae
745 878 849 942 sudes
869 879 1012 958 deerant,
1026 883 1185 964 magistra
1207 903 1304 949 novae
1317 887 1412 951 moli-

318 980 421 1046 tionis
432 979 634 1042 uecessitate
651 997 732 1041 usus
746 977 911 1043 vallavit*

360 1082 392 1146 6.
413 1078 528 1164 Atque
550 1086 590 1142 ut
615 1078 796 1143 diviuam³⁰
818 1079 879 1144 filii
903 1083 1107 1147 mentionem
1132 1084 1279 1149 coelestis
1303 1086 1411 1168 patria

317 1181 541 1246 recordationi
564 1184 771 1258 subnectam,
786 1200 864 1246 cum
886 1184 1052 1250 effusurus
1075 1205 1112 1249 ae
1127 1188 1160 1249 in
1180 1193 1314 1250 nostras
1331 1205 1409 1268 pro·

317 1283 445 1348 vincias
460 1282 655 1347 Parthorum
667 1301 727 1345 rex
738 1281 938 1347 Phraartes¹
959 1285 1133 1362 videretur,
1145 1287 1333 1370 vicinaeque
1348 1287 1409 1351 irn-

316 1384 410 1466 perio
426 1382 500 1466 ujus
515 1383 669 1465 regiones
686 1385 799 1448 subita
814 1383 933 1448 indicti
943 1393 966 1430 ³¹
988 1387 1151 1451 tumultus
1161 1387 1411 1452 denuntiatione

316 1491 551 1567 quaterentur:
570 1488 659 1548 tanta
672 1485 707 1547 in
723 1485 922 1566 Bosporano
936 1485 1063 1550 tractut
1083 1493 1288 1552 commeatus
1302 1509 1412 1572 penu-.

315 1586 367 1649 ria
388 1586 538 1663 incessit,
558 1589 594 1649 ut
619 1603 681 1649 sex
702 1585 852 1648 millibus
879 1585 1022 1650 denariis
1050 1587 1180 1669 singula
1193 1607 1278 1652 uasa
1301 1589 1410 1666 olei,³²

313 1687 533 1770 frumentique
547 1687 670 1751 modiis
686 1687 826 1751 totidem
839 1688 1012 1769 mancipia
1026 1695 1301 1770 permutarentur.
1338 1689 1406 1754 Sed

315 1789 553 1852 amarissimam
567 1792 799 1870 tempestatem
813 1786 959 1869 Augusti
975 1808 1067 1868 cura,
1083 1791 1196 1855 tutelae
1213 1797 1289 1856 tunc
1305 1796 1408 1858 terra·

314 1907 385 1954 rum
399 1906 534 1967 vacans,
549 1889 699 1972 dispulit.

757 2013 954 2063 nxrnuus.

355 2125 386 2190 1.
408 2125 623 2191 Cretensibus
637 2128 717 2192 nibil
739 2127 805 2192 talc
826 2126 973 2210 praesidii
988 2126 1133 2192 affulsit:
1154 2127 1214 2210 qui
1229 2126 1404 2192 obsidione

769 2274 813 2294 ou
817 2273 931 2293 neuun
934 2273 947 2291 θ

312 2355 433 2406 Perizon.
451 2355 521 2416 conj.
539 2357 589 2405 dici
599 2359 662 2418 jura,
680 2358 695 2406 1.
714 2372 737 2407 e.
752 2358 807 2418 jam
827 2357 921 2406 mortui
934 2361 963 2406 et
980 2355 1012 2406 ad
1029 2357 1102 2405 Deos
1115 2356 1200 2416 relati,
1212 2362 1303 2406 contra
1315 2371 1403 2406 omnes

311 2419 388 2470 codd.
410 2418 474 2466 Mox
485 2419 546 2468 Vct.
556 2420 717 2468 κήπὶ-31
736 2421 803 2468 Edd.
816 2423 895 2483 plerae
917 2435 957 2482 ue,
967 2421 1078 2477 induem
1095 2419 1141 2469 sed
1154 2435 1242 2469 omues
1260 2419 1315 2470 iere
1327 2422 1403 2472 codd.

309 2484 469 2534 indicti-32
486 2483 527 2532 Sic
549 2497 636 2532 omnes
655 2482 731 2532 codd.
751 2484 833 2533 tribua
855 2499 897 2532 mo
916 2498 931 2532 o
949 2484 1077 2544 exceptis,
1097 2497 1236 2546 omnesque
1260 2485 1324 2534 editi
1344 2493 1404 2535 aute

310 2549 439 2608 Pigbiunr,
449 2548 561 2611 itemque
573 2547 660 2596 Vorst.
672 2553 699 2596 et
714 2547 818 2596 Torren.
852 2546 967 2610 Pighius,
985 2560 1061 2609 quem
1074 2547 1183 2596 Colerns
1192 2555 1298 2596 secutus
1311 2556 1361 2611 est,
1373 2565 1406 2598 ex

310 2613 398 2661 Palm.
420 2613 475 2659 Sus.
496 2619 525 2659 et
542 2609 635 2660 Atreb.
656 2609 752 2660 edidit:
776 2612 814 2660 ati
824 2626 839 2659 a
849 2610 974 2671 militibus,
990 2610 1092 2670 siugulis
1103 2610 1158 2672 olei,
1168 2613 1209 2672 isc.
1241 2611 1342 2661 Contra
1354 2613 1407 2662 lec·

311 2678 407 2726 tionem
419 2675 569 2738 Pigblanarn
581 2681 668 2723 mouet
676 2675 803 2737 Veratius,
811 2675 833 2723 ai
841 2674 1038 2735 membrarum
1046 2683 1128 2736 esser,
1138 2689 1190 2723 nou
1201 2677 1274 2740 sequi
1286 2675 1407 2726 debuisse

310 2742 417 2798 totidua,
428 2739 472 2788 aed
483 2739 594 2800 dumbs
609 2738 733 2788 'l'orrenio
745 2753 807 2788 vero
817 2738 932 2788 uultibus
946 2752 996 2786 uon
1008 2738 1105 2802 placet,
1117 2738 1186 2802 quod
1197 2753 1261 2789 cura
1270 2742 1407 2804 providen-

311 2805 338 2852 di
354 2804 540 2853 commeatibus
557 2803 590 2852 ad
613 2803 692 2852 duces
717 2805 803 2867 potius
829 2817 905 2866 quam
927 2801 960 2851 ad
982 2803 1078 2850 milites
1100 2803 1256 2866 pertinuisse
1278 2806 1406 2855 videatur.

311 2868 388 2920 Quod
399 2866 431 2916 ad
443 2868 550 2917 alteram
561 2869 697 2916 lectionem
709 2868 815 2928 attinet,
824 2881 880 2930 quae
891 2867 916 2914 iu
932 2866 1027 2916 ceteris
1039 2866 1111 2916 libris
1121 2874 1162 2917 est
1173 2874 1200 2916 et
1212 2883 1286 2931 qoam
1298 2870 1354 2930 ipse
1365 2884 1406 2918 ra-

311 2933 384 2996 petii,
403 2939 483 2982 restet
499 2933 561 2982 mibi
573 2934 717 2995 scrupulus.
751 2933 803 2981 Vas
816 2931 883 2979 euim
897 2944 946 2980 non
958 2941 1016 2980 erat
1027 2930 1142 2980 definitae
1154 2931 1347 2992 rusguitudinis,
1358 2933 1404 2980 red

310 2997 387 3046 modo
399 2998 481 3059 major
491 2997 568 3047 modo
579 2997 670 3045 miuus.
705 2995 765 3045 Non
777 3003 817 3044 eat
833 3002 918 3043 autem
930 2994 1064 3052 credibile,
1076 2995 1168 3042 milites
1178 2995 1272 3054 amguiu
1282 3009 1339 3043 oasa
1349 2997 1403 3056 olei,

310 3063 365 3110 aiva
376 3061 481 3125 majora,
493 3062 547 3110 sive
558 3062 655 3110 minora
667 3067 763 3122 esseut,
776 3059 916 3108 redemisse
927 3073 971 3106 sex
982 3057 1084 3105 mittitur
1093 3056 1206 3105 denariis.
1239 3057 1343 3108 Deinde
1352 3059 1404 3108 bas·

310 3141 355 3175 reo
366 3125 392 3174 in
403 3141 445 3176 aea
453 3127 556 3176 mittitur
566 3126 679 3185 dmuriir,
689 3131 716 3172 et
728 3137 785 3173 cum
795 3121 933 3172 Perimula
943 3122 1030 3183 placet
1040 3119 1101 3166 mibi
1107 3135 1151 3169 serr
1160 3119 1405 3184 amanuensium,

310 3189 378 3252 quod
389 3191 469 3238 babet
481 3189 585 3236 Arcens.
597 3189 690 3250 Neque
703 3193 789 3237 tamen
808 3187 845 3235 ric
861 3185 931 3234 locus
949 3185 1009 3233 mibi
1028 3183 1129 3233 videtur
1140 3185 1204 3233 satis
1215 3186 1311 3234 sauua’
1326 3189 1406 3250 Kupp.

804 3308 909 3362 NOTAE

309 3407 460 3474 proderent.
494 3407 537 3456 Ita
553 3407 652 3457 Florus.
685 3408 752 3458 Post
769 3423 836 3472 prse-
909 3405 1071 3470 'Pisa-umisa]
1082 3405 1178 3456 Orodis
1189 3405 1273 3471 filiua;
1293 3409 1403 3472 quiquo

308 3484 371 3532 lium
393 3481 481 3531 amicis
506 3481 616 3544 ingenue
638 3482 766 3533 coufessus
787 3492 836 3546 est,
877 3487 905 3532 et
923 3482 1040 3534 driuset
1058 3483 1139 3532 tutius
1156 3490 1285 3548 regnaret.
1303 3493 1403 3548 patrem

309 3570 381 3619 aoepe
399 3569 427 3606 se
444 3571 490 3620 pro
506 3556 627 3616 victorin
654 3557 679 3606 in
698 3560 837 3620 prasentia
876 3557 1023 3624 fratresque
1047 3559 1142 3609 multos
1169 3575 1215 3610 acu
1238 3575 1335 3610 veneno
1357 3575 1403 3609 seu

309 3645 372 3682 vero
382 3646 429 3696 pro
441 3632 496 3680 vita
507 3631 617 3695 primurn
628 3630 772 3684 dimicasse.
876 3631 945 3683 terro
957 3634 1071 3685 sustulit.

340 3706 502 3770 rumdam]
534 3705 667 3770 Oppidum
700 3707 835 3771 Hispania
909 3710 1065 3773 tlimporuuu
1088 3711 1178 3774 tractu]
1200 3710 1323 3760 Geminus
1346 3719 1402 3773 eat;

307 3783 424 3848 Baticae,
433 3785 482 3834 hac
493 3797 579 3849 pugna
588 3781 761 3833 nobilitatum.
781 3784 835 3835 Ho-
876 3784 1013 3848 Thracius,
1024 3786 1067 3850 qui
1079 3787 1197 3848 angustia
1207 3786 1404 3836 marisefficitur

308 3860 350 3909 die
364 3861 465 3911 Mandu.
875 3859 945 3910 inter
971 3860 1122 3923 Byzantium
1149 3867 1178 3908 et
1204 3860 1402 3920 chalcedonem,

338 3936 502 4000 femimam]
519 3934 634 3986 AFabio
646 3933 747 3998 Legata
758 3935 833 3984 Mun·
875 3935 1041 3984 nuncditrcr't
1058 3937 1088 3983 dr
1105 3934 1311 3996 cmatmlimpte:
1336 3933 1403 3982 cinr-

308 4005 367 4055 dam
378 4010 488 4060 obsideri
492 4012 605 4074 jussit,a
616 4027 666 4077 quo
676 4013 789 4062 maxima
798 4013 834 4061 ci·
874 4009 981 4070 merlus,
993 4009 1111 4072 angustia
1121 4009 1198 4057 maria
1214 4008 1282 4055 inter
1293 4007 1401 4056 Cherao·
1465 4005 1467 4012 ’

308 4079 613 4150 riumcadaexpugnata
623 4095 673 4136 est.
873 4096 961 4134 nasum
975 4083 1112 4132 Tauricam
1129 4082 1155 4129 iu
1173 4081 1286 4142 Europa,
1300 4089 1327 4130 et
1343 4082 1402 4131 Sar-

340 4153 355 4183 *
366 4153 417 4204 An.
427 4157 465 4205 11.
475 4163 548 4208 11109.
567 4161 612 4210 01.
625 4165 680 4212 1811.
688 4164 712 4210 t.
728 4159 792 4210 Urb·
804 4159 833 4210 C.
873 4158 979 4210 matiam
991 4157 1097 4218 torisia,
1110 4156 1187 4206 bodie
1202 4156 1291 4208 detroit
1302 4161 1331 4213 dr
1343 4161 1402 4220 Cuf-

307 4233 363 4282 tua.
380 4229 443 4280 Ant.
457 4231 504 4280 Cir.
515 4233 556 4280 lt.
869 4233 914 4293 fu:
931 4248 947 4281 a
955 4247 1005 4297 quo
1015 4233 1177 4296 Boapboraui
1188 4233 1319 4286 dicuutur.
