3234 5110
330 425 394 491 628
621 437 779 490 vanarn!
804 437 949 488 naxrtn
975 430 1053 489 urs:
1070 438 1120 489 tr.

330 587 399 652 ludi
437 586 596 669 plurimos
632 591 667 649 et
702 583 929 647 nobilissimos
965 584 1043 647 iude
1070 601 1205 666 pueros,
1235 583 1325 647 velut
1351 603 1422 650 arn·

329 689 466 753 bulandi
487 689 595 769 gratia
619 686 771 760 eductos,
798 686 831 748 in
855 692 965 749 eastra
995 685 1220 750 Romanorum
1253 686 1421 768 perduxit.

330 791 465 868 Quibus
489 789 695 870 interceptis,
724 805 792 849 uon
822 793 894 850 erat
922 785 1075 862 dubium,
1102 789 1181 870 quin
1211 786 1335 850 Falisci
1362 787 1420 850 de-

327 893 440 974 posita
470 889 701 970 belligerandi
731 887 926 969 pertinacia,
960 885 1113 950 tradituri
1143 905 1181 950 se
1213 894 1328 952 nostro
1359 889 1420 952 im·

328 994 473 1074 paratori
502 995 620 1054 essent.
664 989 715 1052 Ea
739 1007 773 1070 re
789 992 925 1052 senatus
939 989 1116 1064 censuit,4⁰
1139 993 1198 1053 ‘ut
1213 991 1305 1070 pueri
1328 990 1420 1054 viuc-

329 1099 397 1156 tnm
423 1094 612 1174 magistrum
642 1090 744 1170 virgis
779 1089 946 1153 caedentes
976 1089 1012 1151 in
1042 1090 1187 1171 patriam
1220 1092 1419 1154 remitteren-

328 1193 401 1256 tur.¹
445 1193 524 1270 Qua
534 1189 667 1273 justitia
682 1189 784 1251 animi
798 1207 912 1251 eorum
930 1195 1007 1251 suut
1022 1191 1125 1270 capti,
1140 1210 1276 1270 quornm
1293 1193 1421 1254 moenia

327 1295 510 1377 expugnari
526 1309 590 1353 uon
606 1295 766 1371 poterant.
811 1287 968 1371 Namque
985 1287 1110 1352 Falisci
1132 1287 1294 1354 beneficio
1314 1292 1419 1373 magis

327 1413 427 1477 quam
452 1394 551 1455 armis
577 1389 670 1465 victi,
699 1401 815 1472 portas
842 1387 1008 1452 Romanis
1030 1389 1257 1471 aperueruut*
1295 1391 1419 1455 Eadem

327 1495 449 1558 civitas
465 1488 644 1573 aliquoties
659 1487 860 1564 rebellando,
881 1507 1077 1572 semperque
1104 1487 1254 1554 adversis
1278 1499 1419 1555 contusa

324 1593 462 1677 praeliis,
478 1593 610 1656 tandmu
626 1609 663 1654 se
679 1588 723 1667 Q.
736 1588 874 1653 Lutatio
897 1590 1028 1654 consuli
1051 1589 1174 1656 (ledere
1200 1601 1318 1658 coacta
1343 1592 1419 1656 ost‘¹

324 1693 499 1759 Adversus
517 1713 618 1777 quam
644 1692 762 1756 saevire
786 1691 925 1774 cupiens
949 1691 1097 1776 populus
1118 1689 1304 1769 Romanus,
1327 1698 1418 1776 post-

326 1815 426 1878 quam
443 1816 464 1861 a
478 1795 630 1878 Papirio,
645 1793 740 1877 cujus
755 1813 866 1871 mann,
875 1792 1017 1876 jubente
1032 1795 1183 1872 consule,
1203 1796 1304 1860 verba
1326 1794 1417 1860 dedi·

325 1899 428 1962 tionis
453 1899 578 1980 scripta
599 1901 704 1974 erant,
733 1895 853 1959 tloctus
874 1901 937 1972 cst,
964 1895 1123 1961 Faliscos
1149 1917 1218 1961 uon
1247 1899 1417 1980 potestati,

325 1999 387 2064 sed
400 1999 477 2064 fidei
493 2017 531 2062 se
555 1997 783 2065 Romanorum
798 1997 1019 2076 commisisse,
1042 2017 1171 2063 omnem
1187 2000 1268 2062 iram
1282 2000 1418 2082 placida

323 2108 435 2166 mente
450 2100 615 2183 deposuit,
636 2101 827 2182 pariterque
843 2105 877 2162 et
899 2098 1027 2162 viribus
1042 2098 1124 2174 odii,
1143 2118 1208 2164 nou
1223 2119 1306 2163 saue
1319 2099 1417 2164 facile

324 2202 414 2264 vinci
424 2201 580 2275 assuetis,
596 2209 631 2261 et
642 2199 793 2263 victoriae
806 2199 984 2281 obsequio,
992 2218 1070 2279 quaa
1080 2199 1303 2282 promtissima
1314 2199 1417 2264 licen·

323 2303 404 2366 tiam
417 2299 659 2376 subministrat,
666 2319 709 2363 ue
715 2298 858 2382 justitiae
871 2319 943 2364 sues
955 2299 1097 2377 deesset,
1108 2300 1280 2365 obstititrt
1309 2300 1415 2377 Idam,

324 2419 400 2464 cum
416 2397 456 2462 Ρ.
472 2396 656 2462 Claudius⁵
689 2398 906 2463 Camerinos·
927 2399 1028 2464 ductu
1048 2406 1147 2483 atque
1161 2401 1325 2484 auspiciis
1344 2403 1416 2465 suis

324 2505 445 2584 captos
460 2501 523 2564 sub
537 2498 638 2564 hasta
659 2499 878 2580 vendidisset,
903 2502 966 2566 etsi
982 2502 1137 2567 aerarium
1152 2504 1308 2586 pecunia,
1332 2504 1415 2567 lines

323 2602 412 2685 agris
427 2606 548 2664 auctos
573 2599 871 2678 animadvertebat,
896 2608 1020 2682 tamerq
1046 2603 1125 2687 quia
1148 2623 1265 2686 pamm
1288 2606 1416 2688 liquida

356 2814 667 2891 ’'litparilermjmtitioe
685 2834 734 2868 m
753 2819 956 2878 marmure:
971 2821 1415 2886 dolio,qtotlfacileaincimrolet,

322 2881 628 2945 stemmqmproelet
634 2888 774 2947 putantem
781 2885 902 2935 madi.

778 3025 958 3050 oenomao

322 3125 338 3169 4
353 3121 490 3171 ‘Vorstlns
502 3129 530 3171 et
537 3121 676 3172 Torrenins
686 3123 841 3176 ediderunt=
860 3125 899 3175 Ea
909 3140 935 3176 re
952 3125 1048 3186 coma
1063 3131 1158 3174 matur
1176 3127 1274 3175 emrdt.
1307 3123 1414 3188 Pighius

322 3195 350 3234 et
362 3185 485 3235 Colerns:
503 3187 542 3235 De
552 3199 580 3236 ea
590 3199 616 3235 re
625 3189 825 3238 amoturcemlt.
859 3188 944 3238 nstin
957 3188 1221 3250 Mmt'areomnibas,
1230 3189 1290 3239 vot.
1303 3197 1331 3238 et
1341 3189 1413 3251 Meg.

322 3255 378 3298 est:
397 3249 435 3297 Ea
445 3264 471 3299 re
481 3255 575 3298 renutu
585 3252 684 3314 aaran,
701 3253 768 3316 quod
781 3253 902 3304 rostitni.⁹
918 3255 1046 3318 Kapp-tt
1065 3253 1162 3303 Medic.
1173 3257 1198 3304 θ.
1211 3267 1264 3303 cm
1275 3255 1328 3305 Gor.
1341 3255 1413 3304 cln-

819 3393 925 3445 NOTAE

352 3510 364 3538 θ
381 3503 481 3554 Senatus
491 3503 592 3567 ceam]
603 3505 689 3555 Aliter
700 3505 847 3570 Livinr,qul
888 3517 962 3555 cem
979 3518 1040 3568 pax,
1056 3506 1109 3568 agri
1126 3503 1213 3555 media
1228 3519 1287 3570 pars
1302 3504 1415 3566 ademta,

321 3578 423 3629 landem
433 3593 533 3629 omnem
546 3593 595 3629 non
606 3581 722 3642 Senatui,
736 3580 782 3630 ted
798 3581 848 3631 Ca·
888 3597 920 3632 ex
932 3583 1040 3646 Eutrop.
1052 3593 1080 3632 at
1092 3585 1169 3633 Oros.
1181 3583 1293 3648 arbaque
1309 3584 1335 3632 in
1346 3583 1413 3634 clivo

321 3653 393 3703 millo
407 3654 506 3715 tribuit,
524 3655 566 3703 cul
581 3655 671 3715 gratie
683 3661 711 3704 et
723 3670 737 3704 a
748 3655 848 3705 civibus
888 3671 988 3720 eversa,
998 3665 1027 3708 et
1037 3658 1063 3706 lu
1074 3658 1183 3723 planitie
1197 3658 1310 3722 condia,
1321 3673 1354 3708 ex
1364 3659 1415 3708 Zo-

321 3737 349 3779 et
359 3728 391 3778 ab
403 3727 515 3778 hostibus
526 3734 591 3779 acta
603 3737 672 3778 snut.
884 3747 960 3783 uara.

353 3803 487 3856 ’nala
500 3809 572 3856 ³661.
606 3805 702 3856 Ollio.
721 3810 747 3856 l.
779 3805 846 3856 Urb.
919 3807 999 3862 ran.
1011 3809 1050 3858 Μ.
1063 3811 1137 3858 881³.
1164 3809 1209 3859 Ol.
1222 3812 1314 3859 lm.
1347 3809 1412 3859 Urb.

321 3881 417 3934 Cant.
449 3881 640 3932 Anacutas.
887 3885 985 3934 cdli.
1017 3882 1210 3934 anacam.

352 3956 474 4007 ‘¹de
483 3957 621 4021 mnam]
648 3956 847 4008 obnitentium
917 3960 1095 4023 Ὀωωὴω]
1117 3960 1262 4010 Camertum
1281 3961 1347 4010 latii
1366 3973 1413 4024 op·

321 4033 468 4084 Genuclnm
489 4049 504 4083 a
523 4034 630 4084 Faliscis
646 4035 801 4084 contnmelie
811 4033 847 4085 af·
884 4036 974 4101 pidum
985 4037 1076 4086 'l'aclto
1086 4043 1112 4087 et
1122 4037 1226 4087 Plinio:
1244 4036 1363 4085 Cameria
1375 4037 1414 4086 dl·

321 4106 430 4168 t'ectom,
451 4108 546 4158 bellum
573 4117 722 4174 susceptum
744 4118 795 4173 eat,
819 4119 847 4160 et
884 4113 955 4162 citur
981 4113 1073 4175 Lirim
1099 4113 1218 4164 Ciceroni
1241 4111 1413 4162 camenmm.

320 4183 389 4234 iutra
409 4197 454 4232 tex
474 4184 530 4234 (lies
550 4183 714 4245 confectum
735 4187 847 4235 hoellum
887 4190 965 4240 Nunc
975 4191 1107 4240 Comatae.

322 4257 467 4324 quindecim
487 4259 566 4309 millia
584 4274 660 4322 casa,
676 4262 770 4311 ceteris
788 4277 847 4316 con·
