3180 5120
340 393 406 460 85⁴
640 405 798 454 vanarn
821 405 966 453 uaxrur
993 405 1064 454 ura.
1087 403 1141 453 rx.

342 553 536 634 Philippum
561 547 752 624 consulem,
775 547 856 629 quia
879 545 1028 610 interfari
1051 550 1305 616 concionantem
1330 569 1429 616 ausus

341 654 457 727 fuerat,
472 651 604 715 obtorta
627 647 716 730 gula,
739 645 919 728 etquidem
943 665 1007 711 non
1029 667 1087 731 per
1100 648 1272 728 viatorem,
1286 651 1345 716 sed
1369 667 1431 735 per

340 754 511 818 clientem⁰
535 769 641 825 suum,
664 748 750 812 adeo
777 747 938 812 violenter
965 735 1008 812 in.
1029 741 1196 813 carcerem
1221 751 1437 837 praecipitem.

341 855 459 934 egisse,
474 858 514 914 ut
529 850 651 916 multus
669 869 691 913 a
708 848 846 912 naribus
869 849 942 932 ejus
968 868 1063 914 cruor
1086 851 1352 933 profunderetur:
1374 845 1432 918 re-

340 973 413 1017 rum
426 953 539 1028 etiarn,
555 970 633 1014 cum
646 955 783 1014 senatus
797 947 841 1012 ad
859 968 933 1012 eum
955 950 1113 1029 misisset,
1128 952 1211 1016 utin
1226 950 1362 1016 Curiam
1376 971 1433 1018 ve·

341 1055 445 1118 niret:
468 1056 479 1087 ‘
494 1051 608 1129 Quare
621 1071 690 1115 non
710 1049 852 1134 potius,’
865 1051 981 1134 inquit,
995 1050 1091 1133 ‘ipse
1105 1052 1139 1114 in
1156 1051 1339 1116 Hostiliam
1353 1071 1430 1136 pro·

341 1154 504 1238 pinqnam
527 1152 672 1228 Rostris,
695 1150 730 1215 id
753 1156 831 1228 est,⁵
853 1150 897 1214 ad
921 1171 973 1215 me
996 1150 1122 1216 venitl'
1166 1151 1266 1234 Piget
1284 1151 1432 1236 adjicere
1496 1159 1499 1164 '

342 1255 431 1338 quod
445 1255 604 1337 sequitur.
647 1254 817 1318 Tribunus
839 1257 973 1317 senatus
992 1253 1169 1335 imperium
1185 1252 1355 1335 despexit:
1378 1272 1432 1316 se·
1469 1317 1475 1328 ,

343 1360 440 1420 natus
455 1355 577 1419 tribuni
592 1354 702 1419 verbis
718 1353 853 1437 paruit:

384 1456 417 1520 3.
439 1453 501 1520 Gn.
527 1462 639 1519 autern
666 1454 850 1538 Pompeius
872 1472 973 1537 quarn
996 1451 1210 1517 insolenterl⁶
1231 1453 1288 1535 qui
1312 1451 1434 1516 balneo

342 1575 506 1638 egressus,
521 1560 595 1619 aute
611 1555 717 1637 pedes
732 1574 813 1618 suos
827 1559 1027 1637 prostratum
1044 1549 1264 1636 Hypsaeumd
1286 1550 1432 1617 ambitus

343 1676 449 1733 reum,
462 1662 495 1720 ot
515 1658 659 1721 nobilem
672 1657 789 1733 virum,
804 1662 838 1720 et
852 1655 919 1719 sibi
941 1654 1086 1718 amicum
1107 1653 1274 1737 jacentem
1288 1651 1432 1736 reliquit,

345 1757 928 1840 contumeliosavoceproculcatum.
959 1761 969 1789 ‘
985 1755 1081 1820 Nihil
1093 1755 1101 1782 ’
1112 1757 1201 1819 enim
1212 1759 1326 1818 ‘eum⁷
1340 1753 1433 1818 uliud

345 1877 455 1940 egere,
468 1879 568 1942 quam
582 1865 621 1923 ut
635 1859 824 1923 convivium
841 1878 937 1921 suum
951 1855 1152 1934 moraretur,'
1167 1853 1351 1936 respondit.
1388 1851 1434 1916 Et

344 1957 443 2041 bujus
457 1958 539 2023 dicti
554 1960 719 2036 conscius,
732 1957 889 2022 securus⁸
912 1958 1023 2022 animo
1045 1975 1179 2021 coenare
1191 1954 1326 2037 poteriis
1370 1951 1433 2016 [lle

346 2077 426 2122 vero
452 2059 551 2122 etiam
576 2060 609 2122 in
635 2058 706 2123 soro
728 2079 798 2123 non
824 2060 955 2124 erubuit
979 2059 1021 2123 Ρ.
1043 2057 1237 2141 Scipionem
1262 2060 1436 2119 socerum·

346 2177 443 2222 suum
466 2159 597 2241 legibue
621 2162 771 2238 noxium,
786 2181 872 2244 quas
897 2163 969 2243 ipse
992 2163 1124 2237 tulerat,
1138 2160 1173 2222 in
1191 2157 1341 2221 maxima
1362 2155 1435 2238 qni·

345 2255 444 2318 dern⁹
465 2275 598 2320 reorum
613 2267 645 2323 et
660 2261 834 2325 illustrium
857 2261 1115 2338 ruina,muneris
1135 2260 1211 2323 loco
1226 2277 1248 2320 a
1262 2256 1436 2340 judicibus

344 2352 537 2516 depostaere,
552 2359 712 2422 maritalis
727 2360 802 2425 lecti
821 2360 987 2424 blanditiis
1000 2365 1123 2422 statum
1136 2355 1327 2438 reipublicae
1346 2360 1434 2418 tem-

349 2471 452 2537 peran
478 2473 538 2518 o..

797 2585 977 2607 ΟΝΝΜΝΟ

339 2711 393 2770 feri
402 2715 465 2763 ieter
474 2721 555 2764 ere-⁵
573 2701 684 2766 Quidam
696 2728 743 2780 pro
760 2717 787 2764 id
805 2723 840 2766 aet
857 2717 956 2766 babent
973 2717 1052 2772 idern:
1069 2714 1165 2777 Ultraj.
1180 2716 1253 2764 «Μ.
1286 2715 1394 2767 Colerue
1411 2717 1438 2765 id

344 2778 550 2841 eetudmeeenit,
567 2785 688 2842 tanquam
709 2781 828 2843 glossam,
838 2781 926 2844 ejecit.
960 2779 1102 2840 Audacter,
1119 2779 1205 2842 iuquit
1222 2779 1349 2842 Keppiur.
1384 2781 1438 2829 Pro

345 2839 524 2902 profunderetur
536 2844 613 2906 paulo
624 2849 686 2892 ante
696 2845 812 2893 nonnulli
822 2844 1017 2893 codd-Turrem
1035 2856 1092 2894 cum
1111 2843 1198 2905 rulgg.
1215 2850 1275 2890 ante
1292 2843 1368 2918 rign.
1383 2857 1438 2906 per·

341 2903 541 2962 frundun-d
552 2907 560 2934 ⁴
573 2907 658 2968 Vulgo
669 2907 813 2958 addebatur
823 2909 888 2970 egit:
904 2908 973 2972 quod
984 2908 1049 2957 bene
1060 2907 1187 2970 expunxit
1198 2905 1314 2968 Pighius,
1320 2907 1439 2969 Jubeuti-

346 2967 488 3018 buteriam
508 2970 603 3018 nostrie
619 2970 745 3021 omnibue.
780 2972 918 3020 Damnavit
934 2973 1011 3020 etlam
1033 2971 1154 3019 Perizon.
1172 2968 1204 3017 ad
1221 2981 1272 3018 vu.
1285 2974 1310 3018 1.
1328 2968 1437 3020 Exta!

348 3032 489 3084 tunm-r
507 3034 589 3084 codd.
601 3041 628 3083 et
638 3035 710 3097 Mor.
728 3049 779 3084 erre
798 3041 934 3095 testentur,
950 3034 1018 3098 qaod
1029 3033 1130 3085 eddidit
1138 3033 1255 3097 Pighius,
1271 3047 1328 3082 cnm
1340 3034 1365 3082 in
1380 3034 1438 3083 aliie

346 3094 407 3144 edd.
426 3096 857 3148 omissumfuerit.—-81teetiam
879 3099 996 3161 Pigbiue,
1017 3098 1180 3161 improbante
1200 3097 1341 3146 Turranio:
1357 3113 1438 3147 secero

347 3157 483 3209 duodecim
505 3162 581 3211 codd.
599 3163 704 3212 Torren.
723 3175 780 3209 curn
800 3162 861 3210 Ver.
880 3168 908 3210 et
928 3163 1062 3226 sulm—9
1078 3161 1122 3211 lte
1142 3161 1217 3223 Pigb.
1240 3162 1325 3224 vulgo,
1340 3175 1437 3225 Μαι.

347 3221 411 3271 Mox
423 3226 555 3273 temerando
565 3238 612 3287 pro
623 3226 771 3287 temperando
781 3225 855 3274 malit
868 3224 986 3276 Pariana.
1019 3225 1086 3274 Vide
1096 3225 1187 3274 Helua.
1199 3224 1232 3274 ed
1242 3225 1310 3276 vell.
1321 3228 1438 3276 11001.

838 3367 947 3419 NOTAE

380 3485 538 3549 trapeam
548 3489 640 3553 nmo]
667 3492 710 3540 De
719 3493 788 3543 illiue
799 3510 873 3545 cona-
912 3496 1036 3546 militibus
1052 3496 1097 3545 diu
1114 3497 1271 3558 turbassent,
1286 3495 1438 3546 unusPom·

349 3559 417 3611 tibur
427 3570 455 3610 et
466 3569 547 3611 morte
558 3578 637 3627 eupre
648 3567 756 3626 egimus.
913 3573 986 3634 peius
998 3573 1091 3622 conam
1104 3581 1206 3622 creatur
1217 3579 1266 3634 eet,
1277 3573 1377 3636 ipsique
1386 3587 1438 3624 un·

380 3637 573 3701 el’erelieateru]
581 3637 606 3688 Α
615 3640 713 3690 viatore
721 3643 829 3706 Florus:
841 3645 873 3695 ab
913 3646 981 3696 bitus
993 3647 1124 3712 portrrlati.

347 3715 404 3780 ipso
415 3713 629 3766 DruroAnreliur
637 3717 728 3769 Victor
740 3719 766 3769 id
777 3719 874 3772 fectum
946 3723 1020 3781 trin.
1032 3724 1071 3772 M.
1082 3726 1156 3772 1001.
1174 3720 1218 3771 01.
1227 3723 1283 3770 len.
1292 3727 1317 3772 1.
1334 3723 1399 3773 Urb.
1407 3724 1438 3772 c.

349 3791 467 3842 adirruet.
496 3792 539 3841 De
551 3790 674 3857 Pbilippo
684 3808 770 3859 rupee.
914 3800 971 3848 701.
987 3797 1156 3847 1101.01.01.

380 3877 392 3922 t
403 3869 454 3920 An.
466 3869 504 3919 Μ.
514 3873 586 3920 1961.
603 3871 647 3921 01.
661 3875 715 3922 lta.
726 3879 750 3924 2.
767 3873 831 3924 Urb.
842 3874 874 3924 C.
945 3880 958 3906 ·
968 3870 1088 3933 domm]
1116 3871 1263 3921 Corneliam
1279 3873 1346 3920 illiue
1358 3869 1437 3922 tiliam

346 3949 405 3996 eea.
421 3945 485 3996 lint.
496 3947 594 3998 01].00.
916 3953 1091 4010 postmortem
1105 3943 1184 3994 Julire
1202 3946 1228 3995 lu
1244 3959 1346 3995 uxorem
1358 3945 1439 3996 duxe-

380 4019 558 4072 ‘Proetrotror
580 4021 722 4086 lippam]
747 4021 798 4072 Qui
816 4035 875 4072 cum
916 4028 964 4071 rat.

349 4092 457 4142 Metello
467 4096 588 4159 Scipione
599 4106 628 4146 et
641 4098 738 4147 Milone
749 4096 874 4146 Consula-
944 4095 960 4124 ⁴
978 4094 1025 4142 Au.
1037 4093 1074 4142 bl.
1085 4096 1159 4145 1011.
1172 4097 1216 4147 0l.
1227 4099 1284 4146 181.
1295 4099 1319 4145 t.
1329 4096 1393 4148 Urb.
1406 4097 1437 4146 C.

349 4171 538 4231 temperiem:
554 4185 663 4233 eumque
672 4171 874 4220 nrbemarmetia
914 4174 971 4222 111.
983 4169 1043 4219 Ant.
1056 4168 1102 4220 Cb.
1111 4173 1152 4220 41.
