3230 5092
318 433 383 497 796
602 433 755 492 vacuari
782 443 926 490 nuxrur
955 444 1025 490 ura.
1048 443 1131 490 vnr.

361 591 392 652 t.
414 588 492 652 Jarn
519 586 559 650 de
589 585 637 649 Μ.
665 584 850 666 Perperna*
883 584 962 667 quid
988 585 1124 666 loquarl
1155 585 1213 666 qui
1243 585 1408 662 omnibus,

320 708 406 772 quos
428 689 463 750 in
482 693 633 749 senatum
648 685 764 748 consul
777 689 967 760 vocaverat,
991 691 1161 765 superstes
1175 684 1256 749 luit:
1279 693 1409 768 septem

320 806 454 870 quoquc
471 784 711 861 tantummodo,
726 803 811 867 quoa
825 803 945 847 censor
956 783 1086 862 collega
1098 783 1140 845 L.
1156 784 1308 867 Philippi
1322 786 1411 865 lege·

319 891 382 961 rat,
402 905 422 948 e
441 887 593 969 patribus
608 885 807 966 conscriptis
821 883 969 964 reliquos
994 882 1097 960 ridit3
1119 889 1194 946 toto
1210 882 1327 947 ordine
1341 901 1412 948 am·

321 985 476 1066 plissimo
490 982 699 1048 diuturnior?

363 1086 396 1147 6.
418 1083 525 1168 Appii
540 1103 616 1150 vero
631 1090 763 1148 aarum·
785 1085 882 1148 clade
903 1082 1045 1157 metirer,
1062 1083 1142 1164 quia
1165 1083 1328 1146 infinitum
1350 1100 1414 1144 nu·

322 1203 445 1248 merum
460 1203 619 1248 annorum
634 1183 770 1247 orbatus
792 1183 972 1247 luminibus
994 1182 1117 1262 exegit,
1141 1183 1206 1245 nisi
1223 1187 1363 1265 quatuor
1376 1180 1415 1242 fi·

321 1284 400 1359 lios,
426 1291 461 1347 et
485 1285 633 1366 quinque
657 1283 757 1358 filias,
778 1283 939 1364 plurimas
962 1277 1161 1357 clientelas,f
1178 1302 1246 1345 rem
1267 1281 1414 1362 denique

322 1383 504 1464 publicam,
526 1385 591 1448 hoc
609 1401 692 1448 casu
712 1391 882 1464 mantus,
903 1383 1082 1448 fortissime
1105 1381 1261 1446 rexisset.
1306 1380 1414 1458 Quin·

325 1484 428 1547 etiam
440 1485 550 1549 sessus
559 1486 632 1566 jam
644 1483 798 1560 vivendo,
812 1485 932 1548 lectica
955 1503 992 1547 se
1006 1483 1041 1544 in
1063 1480 1200 1546 Curiam
1213 1480 1332 1545 deferri
1341 1479 1415 1561 jus·

326 1583 382 1658 sit,
398 1589 433 1647 ut
448 1604 523 1648 cum
536 1583 665 1667 Pyrrho
681 1583 858 1646 deformem
874 1602 989 1664 pacem
1005 1581 1075 1644 deri
1091 1581 1290 1663 prohiberet.
1314 1579 1414 1642 Hunc

784 1742 930 1762 eunoun
935 1742 962 1760 u

325 1833 454 1893 dragiatur
471 1841 498 1881 et
509 1833 545 1881 sic
556 1833 676 1896 llum-9
692 1831 734 1881 lta
745 1832 803 1881 edd.
815 1839 881 1880 vett.
892 1841 918 1880 et
930 1833 966 1880 sic
984 1831 1062 1880 codd.
1082 1829 1138 1879 fere
1158 1844 1245 1878 omues
1261 1830 1370 1878 'l'orren-
1387 1836 1416 1878 et

326 1896 387 1943 Vct.
398 1895 468 1959 quud
480 1897 599 1957 probarit
610 1897 766 1955 Gronovius,
783 1896 880 1958 recepit
898 1896 1027 1958 Kupplus.
1060 1893 1142 1943 Aldus
1161 1893 1295 1942 ediderat:
1312 1907 1369 1954 quos
1387 1894 1415 1941 ia

325 1960 647 2019 mlacossalrogsceratr
665 1973 748 2022 neque
768 1959 890 2008 sustinuit
908 1969 1009 2007 arctare
1028 1957 1144 2019 Pighius,
1163 1955 1275 2018 qrrsmvis
1294 1955 1320 2004 io
1340 1955 1417 2004 codd.

328 2023 470 2083 reperlret:
518 2037 545 2070 os
553 2023 579 2069 ι’»
588 2027 692 2070 σηπίαι
702 2023 781 2070 masal
791 2027 933 2082 rogamur,
946 2020 1013 2083 quod
1025 2021 1120 2068 habent
1129 2019 1205 2069 etiam
1215 2017 1329 2066 nonnulli
1340 2017 1419 2068 codd.

327 2083 433 2134 Torren.
466 2083 672 2146 Attendamus
690 2086 717 2133 la
732 2093 839 2134 musa
855 2086 934 2134 consul
953 2088 1126 2134 ammaus.
1160 2081 1222 2132 Mox
1234 2083 1296 2130 Vet.
1308 2089 1335 2130 et
1347 2095 1418 2129 com·

823 2227 931 2276 NOTAE

362 2340 374 2390 t
393 2335 442 2383 An.
455 2336 493 2382 Μ.
503 2339 574 2386 ⁸85⁰.
592 2337 734 2387 olunt.
751 2338 855 2389 Uulne.
896 2337 1057 2397 Consulibus,
1079 2349 1158 2384 annos
1177 2341 1251 2384 natur
1267 2339 1309 2384 98.
1342 2334 1371 2383 ld
1384 2334 1421 2381 its

332 2413 391 2458 5⁴⁹.
408 2410 472 2458 Aut.
483 2410 532 2459 cn.
543 2415 602 2461 unt.
895 2427 952 2461 esre
962 2411 1051 2472 didici,
1062 2415 1119 2460 curin
1129 2427 1161 2460 cx
1168 2412 1256 2460 multis
1264 2411 1421 2469 auctoribus,

362 2483 374 2516 ⁴
392 2484 430 2532 Μ.
448 2484 579 2547 Perperna]
597 2487 731 2536 lectorem
752 2489 793 2536 tric
813 2488 855 2537 ud·
897 2493 950 2534 tuor
962 2486 1071 2534 niaxims
1082 2499 1114 2534 ex
1124 2485 1210 2534 Plinio
1222 2487 1266 2536 lib.
1279 2499 1330 2536 vn.
1341 2499 1363 2534 c.
1379 2489 1421 2534 ts.

331 2571 435 2607 monere
447 2558 546 2606 libitum
558 2565 607 2617 est,
619 2559 763 2609 Ollvsrium
773 2562 855 2610 virum
895 2564 924 2608 et
934 2560 1020 2608 Dione
1035 2558 1081 2608 lib.
1094 2571 1151 2608 ιιι.

331 2635 445 2698 alioquin
465 2635 603 2698 eruditum,
631 2644 659 2686 ut
679 2637 704 2684 ln
726 2638 791 2697 aliis,
819 2637 856 2686 its
929 2633 943 2662 ⁸
961 2633 1145 2685 ltu-Musca.
1173 2634 1217 2683 01.
1238 2637 1331 2684 ΠΜ.
1357 2633 1422 2682 Urb.

333 2710 413 2758 etiarn
423 2709 450 2759 in
461 2711 509 2758 hoc
524 2711 624 2760 nomine
637 2711 749 2773 turpiter
759 2711 856 2774 lapsum
897 2707 927 2758 C.
937 2713 995 2759 667.
1012 2707 1076 2758 Aut.
1086 2709 1133 2760 Clr.
1144 2713 1185 2759 86.

331 2797 403 2832 sess:
415 2798 473 2834 cunr
482 2785 550 2834 cultu
559 2786 644 2836 &ma
652 2785 858 2849 quinquenarius
929 2789 940 2815 ⁸
956 2783 1030 2846 Appii
1040 2780 1188 2843 mmm]
1205 2782 1283 2832 Hunc
1298 2783 1375 2833 etiam
1386 2783 1423 2830 lc·

333 2857 474 2918 Perpernae
489 2856 596 2920 fuerint,
607 2873 715 2923 quorum
730 2859 781 2908 duro
792 2859 858 2908 Cou-
900 2872 968 2918 cum,
987 2866 1016 2908 ut
1026 2859 1075 2908 alia
1084 2859 1174 2917 mults,
1192 2856 1311 2906 Valerius
1321 2857 1425 2921 repetiit

334 2933 440 2993 sulsrcs,
465 2932 588 2982 Pretoril
607 2934 665 2994 alll;
694 2941 749 2982 tres
770 2948 858 2983 eornm
901 2935 1059 2996 scicrrcns,
1069 2933 1113 2997 qul
1124 2931 1237 2995 Appium
1250 2931 1342 2994 Pyrrhi
1356 2931 1426 2981 bello

334 3006 403 3054 iuter
419 3020 448 3055 se
461 3007 535 3069 plane
547 3007 662 3056 diversos
675 3007 804 3056 nominum
815 3007 858 3055 de·
901 3009 1024 3070 grandem
1035 3007 1172 3056 admodum
1190 3004 1269 3054 inisse
1280 3020 1312 3054 ex
1324 3020 1355 3055 eo
1366 3020 1426 3069 pro·

334 3080 738 3143 ceptutsimllltudlneconfudit.
775 3083 859 3134 Quem
902 3085 960 3142 bst;
982 3083 1051 3147 quod
1077 3081 1196 3132 ‘decimo
1220 3081 1331 3142 septimo
1358 3095 1426 3130 suno

336 3157 361 3204 ln
373 3169 487 3205 errorem
498 3169 531 3204 ue
543 3163 598 3205 tute
610 3157 665 3217 lpse
677 3155 784 3217 meldas,
804 3157 860 3205 lunc
903 3165 961 3220 port
982 3159 1091 3206 alterurn
1119 3157 1296 3216 Consulatum,
1320 3154 1426 3205 foederis

336 3230 436 3291 accipe.
467 3231 532 3277 'l'res
552 3229 683 3291 precipue
701 3229 813 3278 homines
830 3230 863 3278 sl)
903 3247 961 3280 curu
982 3232 1082 3295 Pyrrho
1101 3231 1262 3280 disturbandi
1282 3230 1382 3294 grstia'
1399 3232 1426 3280 in

337 3303 477 3352 Histurleis
489 3311 673 3363 memorantur,
683 3305 777 3367 quibua
785 3307 864 3354 omni·
904 3308 1007 3356 Curiam
1030 3306 1129 3355 uenerit
1141 3323 1149 3368 ς
1165 3314 1194 3357 et
1205 3308 1274 3356 luter
1285 3307 1349 3355 duos
1361 3305 1426 3355 cou-

338 3376 461 3424 lrusidrm
471 3375 613 3439 Perpernae
622 3392 713 3428 numen
724 3377 864 3430 fuitzuuus
903 3383 1002 3432 sulatus
1033 3380 1092 3431 sunl
1122 3379 1213 3432 decem
1241 3379 1427 3442 interfuissent,

339 3449 370 3508 is,
387 3449 431 3510 qul
448 3456 539 3497 eontra
550 3450 723 3501 Aristonicum
732 3452 823 3502 bellurn
836 3457 862 3503 in
904 3456 1051 3518 Cerrscrqne
1069 3461 1130 3504 ante
1152 3455 1318 3506 Consulatum
1330 3453 1427 3518 superi-

339 3521 403 3570 Asia
425 3523 519 3571 Consul
541 3525 630 3585 gessit,
660 3535 688 3574 et
709 3528 863 3591 paulopost
902 3528 1083 3578 oremfulsset.

339 3595 402 3644 obiit
414 3596 551 3658 Pergsml3
568 3598 633 3646 alter
656 3598 806 3660 Pretorius,
822 3603 864 3664 qni
937 3602 947 3636 ¹
961 3605 1081 3653 Plurimus
1091 3603 1222 3667 maneta]
1239 3602 1429 3654 Tenebatenim

339 3678 366 3720 et
377 3671 520 3720 Sertorium
531 3672 557 3720 ln
569 3671 697 3735 Hispania
714 3676 820 3738 occidit,
837 3683 866 3726 et
905 3693 955 3728 uon
979 3678 1054 3728 modo
1073 3679 1264 3740 anctoritatem,
1284 3679 1329 3726 esd
1351 3675 1429 3744 etlam

334 3747 409 3809 jussu
421 3745 626 3809 Pompellcasnr
637 3754 692 3796 est:
710 3755 800 3798 neuter
822 3764 865 3798 au·
905 3753 1040 3817 tmperium
1061 3752 1087 3801 in
1105 3767 1179 3812 suos,
1195 3751 1345 3802 metuebant
1354 3751 1432 3812 servi,

341 3823 492 3872 tembcruru
511 3821 543 3871 ad
562 3836 684 3872 summum
699 3826 817 3887 pervenlt
828 3837 867 3874 se·
908 3827 1062 3876 verebantur
1079 3826 1259 3887 liberl,carum
1278 3839 1366 3874 omnes
1386 3825 1431 3871 lra-

341 3903 490 3958 uectutenr3
508 3897 553 3945 sed
564 3898 656 3948 tertlus
667 3899 810 3963 Perperna,
823 3901 866 3963 qui
906 3901 1003 3950 habant
1014 3918 1022 3963 ;
1039 3901 1142 3964 rigebat
1160 3900 1185 3948 lu
1197 3899 1241 3948 illa
1252 3899 1327 3946 domo
1338 3904 1365 3945 et
1375 3909 1429 3946 runs

342 3984 399 4019 cum
411 3970 517 4020 Claudio
530 3972 642 4022 Pulchro
652 3974 756 4034 Curram,
768 3983 796 4023 et
808 3990 866 4025 cum
907 3975 1198 4038 pstrlusetdisclpllna.
1231 3974 1276 4022 lta‘
1294 3972 1385 4020 Clcero
1404 3973 1432 4021 iu

344 4043 373 4090 Ι..
386 4045 486 4094 Marcio
499 4045 620 4110 Philippo
631 4047 793 4109 Censorl'ult,
804 4062 869 4097 mor·
908 4051 1014 4102 Catone.
1039 4053 1082 4100 De
1093 4049 1159 4098 illiue
1168 4048 1288 4097 cecitate
1298 4055 1325 4095 et
1333 4045 1432 4097 fodere

343 4121 453 4177 tuusque
474 4117 563 4168 Roma
581 4127 623 4168 est
634 4121 681 4168 sub
698 4121 796 4170 luitium
808 4122 867 4171 belll
908 4122 1310 4191 commanducantur.
1324 4127 1347 4172 l.
1358 4135 1384 4172 u.
1394 4127 1433 4174 ll.

342 4187 698 4255 eivttiscessrtant,nenrnto
707 4201 734 4244 et
743 4195 869 4247 Marcello
