3234 5110
454 415 534 468 etr.
550 413 589 465 x.
614 413 662 464 ns
687 411 870 464 roerreus
893 415 1093 467 resersus.
1245 405 1310 472 665

217 565 321 633 heret.
373 561 454 628 Nou
480 562 550 626 sine
572 577 677 627 ceum
710 559 808 642 igitur
833 562 920 624 tenti
947 563 1079 630 roboris
1104 563 1236 632 enimus
1265 565 1309 632 sd

221 653 371 750 Olympii
380 664 402 729 J
404 664 478 728 ovis
488 663 514 702 ¹⁶
536 683 717 746 cognomen
732 663 910 728 escendit*

259 767 293 832 2.
316 763 531 850 Xenophonh
555 772 679 842 eutem,
707 765 797 847 quod
811 763 855 828 ed
871 765 1079 832 Socraticam
1094 767 1306 853 disciplinam

218 870 345 946 attinet,
374 870 546 952 proximus
573 888 594 932 e
625 867 766 932 Platone
795 867 903 932 felicis
932 888 974 934 ec
1001 871 1112 936 beetre
1140 873 1307 938 secundire

217 970 363 1051 grados)
385 971 609 1036 cnm.solenne
625 967 827 1034 sacrificinm
851 978 1034 1053 perageret,
1048 991 1069 1034 e
1082 971 1217 1038 dnobus
1232 973 1308 1038 filiis

217 1072 373 1156 mojorem
386 1070 482 1138 natu*
501 1073 634 1139 nomine
650 1059 814 1156 Gryllum,
827 1072 915 1154 opud
926 1070 1151 1138 Mantineoml
1172 1075 1206 1138 in
1223 1067 1308 1158 pre'e-

217 1173 265 1238 lio
278 1173 440 1239 cecidisse
452 1175 631 1256 cognovit:
653 1193 714 1236 nec
728 1174 804 1236 ideo
819 1173 1007 1238 institutum
1028 1175 1171 1242 Deorum
1182 1179 1307 1242 cultum

217 1277 432 1348 omittendum
456 1277 600 1357 putavit,
628 1275 686 1338 eed
714 1275 939 1339 tautummodo
964 1293 1119 1342 coronam
1142 1279 1308 1364 deponere

216 1383 387 1442 contentus
400 1377 473 1440 fuit
517 1373 630 1452 Quam
645 1377 767 1458 ipsam,
783 1381 1015 1458 percunctatus
1030 1383 1193 1459 ‘quonam
1207 1382 1306 1448 modo

216 1474 416 1552 occidisset,'
444 1480 481 1539 ut
509 1474 640 1540 audivit
668 1475 870 1539 ‘fortissime
898 1484 1099 1559 pugnantem
1121 1480 1306 1558 interiisse,'

214 1577 322 1660 cupiti
336 1577 505 1659 reposuit;
527 1576 673 1654 numine,
682 1577 804 1659 quibus
814 1577 1035 1654 sacrificabat,
1047 1585 1201 1657 testatus,
1216 1585 1307 1646 ‘me-

208 1676 318 1760 jorem
342 1696 379 1740 se
401 1696 446 1741 ex
460 1677 582 1741 virtute
606 1677 667 1741 filii
687 1675 903 1760 voluptatem,
927 1697 1027 1761 quem
1042 1693 1086 1742 ex
1100 1685 1203 1743 morte
1218 1701 1307 1746 ema-

214 1776 389 1841 ritudinem
405 1776 561 1842 sentire’t
603 1775 702 1840 Alius
719 1778 920 1843 removisset
944 1781 1097 1858 hostiam,
1126 1782 1308 1866 abjecisset

214 1879 344 1956 alteria,
360 1878 515 1963 iacrymis
533 1898 687 1961 respersa
713 1879 809 1943 thure
830 1880 1036 1963 disjecisset:
1069 1883 1306 1966 Xenophontis

214 1995 333 2068 cerpus
343 1981 497 2064 religione
509 1989 534 2029 ¹⁷
549 1981 720 2045 immobile
735 1981 840 2058 stetit,
848 1989 882 2045 et
897 1984 1026 2048 enimus
1036 1983 1069 2048 in
1079 1985 1306 2070 consiliopru-

213 2081 332 2149 (lentim
346 2084 478 2148 stabilis
492 2084 628 2161 mansit,
643 2103 684 2148 ec
700 2082 806 2150 dolori
816 2084 841 2128 ¹⁸
865 2087 1089 2165 succumbere,
1102 2090 1181 2172 ipsa
1195 2091 1305 2174 clade,

212 2202 289 2266 queo
303 2186 459 2250 nuntiate
475 2187 559 2264 eret,
573 2185 702 2250 tristius
713 2183 822 2251 duxit.
1153 2173 1155 2182 ¹

254 2285 287 2349 3.
310 2285 386 2350 Nec
398 2283 641 2369 Anaxagoras*
662 2287 798 2371 quidem
812 2289 1066 2372 supprimendus
1081 2297 1142 2357 est.
1177 2290 1305 2359 Audite

243 2480 254 2514 ⁵
269 2474 399 2548 mes'on
408 2500 472 2560 pero,
482 2487 544 2549 Μ
553 2487 586 2536 sd
594 2447 725 2536 doristeus
733 2487 1060 2553 Sumisperttset,dicesdi
1075 2492 1143 2540 leude
1156 2491 1278 2554 proeium
1287 2507 1304 2541 s

212 2545 311 2596 Plutone
320 2549 440 2599 eeeellmt.

670 2644 818 2666 ΟΟΟΟΟΟΟ
819 2646 848 2666 Μ

211 2738 548 2817 ηρριιιὶι-ῑῦᾈτίιίορὴ.
559 2741 654 2792 Acsrn.
671 2743 796 2806 nemim
813 2745 827 2792 t
843 2743 977 2804 'ostensor
996 2744 1064 2792 unde
1084 2745 1192 2796 Colerus
1212 2761 1303 2798 vocem

210 2804 279 2852 Jsess
294 2811 422 2880 erponem·
431 2813 522 2854 contre
533 2818 633 2854 omnem
650 2805 728 2881 tidem
746 2807 861 2857 sudden
873 2809 931 2882 edd.
943 2813 1008 2857 vett.
1043 2809 1115 2857 Bene
1136 2820 1228 2860 contre
1243 2826 1301 2861 eum

212 2866 352 2930 disputarit
364 2869 480 2917 Peneon.
513 2868 566 2917 Pro
575 2871 679 2918 escendit
691 2871 752 2918 Vet-
768 2873 973 2919 consessum-1⁷
990 2870 1091 2920 ‘Aldus
1110 2873 1241 2924 ediderat:
1260 2891 1301 2926 cor

207 2931 252 3008 pis
265 2931 386 3010 religiose,
397 2931 472 2980 etsie
484 2938 524 3008 est
535 2934 562 2981 in
573 2939 633 2982 octo
645 2931 709 2980 bles.
721 2931 849 3009 Torrenii.
881 2933 989 3010 Pighius
1000 2949 1033 2983 er
1046 2935 1109 2984 Mes·
1120 2936 1202 2987 edidit
1220 2955 1303 3003 eorpus

208 2995 1302 3123 litmltdtl'ltlt,tlttltaethl't0l‘l‘lt‘ltltltlltltltt

209 3123 329 3186 plerique
338 3121 403 3170 Mes.
414 3119 520 3169 hebent.
537 3135 619 3183 eorpus
626 3121 790 3185 piurels'giose
801 3130 841 3172 est
856 3124 882 3172 in
894 3125 964 3186 Meg.
976 3126 1028 3174 Me.
1039 3126 1122 3176 Peris.
1134 3134 1160 3176 et
1170 3127 1238 3176 Ultr.
1247 3142 1301 3178 see.

210 3186 279 3250 quod
291 3199 341 3249 ego
353 3185 521 3248 preruterim.
539 3185 625 3234 Ceteri
640 3187 703 3236 Mes.
720 3189 840 3238 Torrenii
859 3203 918 3238 cum
938 3190 979 3237 ed.
992 3190 1052 3238 Vct.
1069 3205 1151 3254 corpss
1169 3192 1302 3254 religione?

209 3251 364 3314 supp-re
381 3247 439 3298 ‘Sie
451 3263 540 3298 omnes
551 3249 643 3325 scripti
654 3256 682 3300 et
692 3250 764 3301 editi.
787 3252 861 3302 Beue
872 3266 934 3316 ergo
943 3253 1080 3302 Torrenius
1090 3257 1232 3316 revocavit,
1242 3270 1302 3318 pro·

209 3309 287 3366 bsute
299 3313 446 3378 Perisoole,
457 3329 514 3364 cum
523 3313 629 3378 Pighius
638 3315 732 3380 aliique
742 3315 900 3367 edidissent:
917 3318 1067 3376 ssssdobrs's
1083 3334 1156 3384 seque
1165 3327 1246 3384 recte,
1256 3321 1302 3370 sed

704 3443 811 3495 Nom

241 3553 256 3582 ⁶
266 3551 316 3604 An.
329 3553 368 3602 M.
381 3557 452 3603 9694.
470 3553 514 3604 01.
525 3559 566 3604 97.
581 3558 606 3604 9.
626 3554 690 3605 Urb.
701 3555 733 3606 C.
772 3569 849 3618 rum3
875 3555 950 3606 smbo
969 3571 999 3605 ee
1018 3557 1135 3620 corporis
1156 3556 1297 3619 pulchritu-

210 3633 265 3681 998.
281 3630 343 3679 Ant.
356 3631 403 3680 Cb.
414 3634 472 3680 499.
776 3632 846 3696 diue,
857 3640 886 3681 ut
896 3633 1014 3681 Dioscuri
1022 3632 1181 3681 dicerentur.

240 3701 254 3737 1
279 3703 422 3768 Xenophon]
446 3705 561 3756 Soerstis
582 3705 738 3771 discipulus,
822 3705 917 3771 tepus
944 3706 1104 3769 Mommsen]
1121 3705 1174 3755 Ubi
1199 3709 1303 3773 Epami·

210 3779 366 3844 remulusque
393 3781 519 3844 Platonis,
546 3783 584 3832 sir
606 3782 750 3846 omnibus„
776 3783 874 3833 nondss
895 3791 988 3832 contro
1016 3781 1163 3846 Agesilaum
1186 3797 1304 3847 popurus

208 3864 263 3908 tum
283 3855 379 3919 ingenii
390 3865 444 3907 tum
456 3859 533 3908 enimi
552 3858 671 3908 lsudibus
695 3872 735 3908 or·
775 3858 880 3910 cecidit.
914 3860 957 3908 De
976 3857 1020 3906 ills
1037 3870 1125 3919 pugne
1141 3859 1304 3912 consulelib.

208 3931 371 3982 nstissinrus:
395 3933 486 3982 mirum
506 3945 580 3992 sene,
600 3934 669 3996 qnod
686 3948 735 3984 uec
777 3949 796 3985 r.
808 3950 832 3985 c.
843 3939 869 3983 9.
882 3939 943 3983 me.

209 4007 263 4069 ipse
274 4006 401 4069 Plutonis,
410 4021 458 4056 nee
469 4007 548 4071 ipsius
560 4007 638 4056 Pluto
646 4007 697 4057 suis
709 4008 734 4057 in
808 4018 819 4065 t
836 4007 887 4058 An.
898 4008 935 4057 Μ.
946 4010 1018 4056 9699.
1037 4005 1081 4056 01.
1092 4011 1177 4059 [(11.1.
1197 4009 1261 4060 Urb.
1270 4011 1301 4063 c.

209 4081 311 4144 scriptis
320 4081 477 4133 meminerit.
774 4088 832 4134 989.
861 4081 1048 4132 ostensos.

241 4155 249 4190 ¹
265 4157 380 4219 diolcon
389 4157 461 4220 nats]
480 4159 553 4207 Duos
566 4172 598 4208 ex
618 4158 735 4210 Philesis
806 4157 817 4192 ¹⁸
833 4154 1005 4218 Ammssrrs]
1017 4155 1193 4208 Clazomenius
1204 4159 1300 4214 Anaxi.

207 4231 274 4281 filios
283 4241 444 4299 susceperst,
461 4233 580 4298 Gryllum
593 4241 620 4284 et
633 4234 739 4294 Diodo-¹
773 4235 855 4284 menis
862 4225 1018 4296 discipulus,
1030 4234 1183 4296 precellens
1194 4236 1220 4286 in
1231 4237 1300 4300 Phy-
