3230 5092
402 464 482 514 car.
498 461 565 512 vn.
589 461 637 511 oa
660 459 798 512 srunro
825 461 1110 513 serueueram.
1238 449 1304 516 766

216 607 364 690 perculsi
385 625 559 672 secessum
579 609 706 688 petunt,
722 604 958 688 duplicantque
977 605 1302 682 tenebras,‘lortuitie

218 707 420 772 voluntarias
435 706 640 789 adjicientes.

145 797 149 808 ’
258 809 291 873 6.
312 806 389 872 Jam
405 805 445 871 Ρ.
460 803 624 883 Crassus,i
645 823 722 870 cum
744 805 779 869 iu
793 802 913 870 Asiam
938 805 983 870 ed
1005 804 1232 871 Aristonicum
1252 827 1302 871 re·

216 927 292 990 gem
317 907 548 973 debellandum
573 907 693 972 consul
707 907 864 984 venisset,
879 913 971 971 tauta
986 925 1066 971 cura
1089 906 1221 972 Graecae
1238 909 1302 972 liu-

215 1027 291 1090 guae
305 1009 457 1074 notitiam
470 1009 583 1072 animo
596 1007 851 1091 comprehendit,
868 1011 903 1071 ut
916 1026 991 1072 eam
1004 1007 1040 1072 in
1058 1008 1203 1091 quinque
1216 1007 1301 1072 diri—

119 1158 128 1178 ,
214 1105 304 1171 saurj
326 1125 444 1189 genera
457 1126 517 1190 per
531 1126 645 1172 omues
658 1112 770 1191 partes
784 1125 827 1170 ac
846 1126 1001 1171 numeros
1015 1109 1148 1190 penitus
1161 1127 1301 1192 coguos-

214 1215 318 1274 ceret.
360 1207 449 1286 Quae
464 1228 519 1272 res
533 1208 756 1272 maximumei
765 1209 931 1273 sociorum
939 1226 1083 1272 amorem
1093 1209 1299 1284 conciliarit,

213 1311 281 1391 qua
295 1309 372 1392 quis
386 1328 500 1373 eorum
517 1309 630 1391 lingua
651 1309 743 1392 apud
765 1309 911 1374 tribuual
924 1308 1040 1373 illius⁹
1060 1309 1299 1393 postulaverat,

213 1410 329 1474 eadem
340 1409 473 1474 decreta
487 1408 662 1473 reddenti.t

251 1511 284 1574 7.
309 1509 363 1574 Ne
380 1504 549 1572 Rosciusk
571 1508 705 1590 quidem
728 1506 942 1573 subtrahatur
962 1508 1103 1574 sceuieae
1125 1509 1297 1575 industries

210 1610 423 1672 notissimum
445 1607 646 1690 exemplum,
659 1608 717 1691 qui
738 1609 863 1674 nullum
884 1628 1033 1692 uuquam
1055 1612 1220 1692 spectanti
1237 1631 1298 1694 pu-

210 1707 292 1791 pulo
307 1714 444 1789 gestum,
457 1708 523 1772 nisi
544 1727 640 1791 quem
661 1710 750 1773 domi
771 1709 948 1775 meditatus
970 1711 1089 1787 fuerat,
1103 1729 1224 1793 ponere
1238 1728 1297 1774 au-

211 1827 271 1872 sus
292 1815 354 1872 est.
397 1807 610 1892 Quapropter
629 1828 694 1874 non
718 1811 849 1876 ludicra
867 1830 922 1875 ars
940 1811 1117 1886 Roscium,
1134 1809 1192 1873 sed
1209 1806 1297 1875 Ros-

210 1911 284 1973 cius
304 1908 466 1974 ludicram
490 1916 597 1973 artem
621 1909 883 1974 commendavit:
906 1929 967 1974 uec
988 1909 1078 1992 vulgi
1093 1915 1222 1974 tantum
1246 1910 1297 1975 la-

208 2028 330 2087 vorem,
360 2009 603 2074 verumetiam
630 2009 817 2093 principum
844 2010 1087 2076 familiaritates
1118 2011 1296 2094 amplexus

209 2117 286 2176 este
328 2109 418 2178 Haec
441 2117 520 2174 suut
542 2109 671 2188 attenti,
694 2116 728 2176 et
752 2110 859 2188 auxii,
885 2116 919 2175 et
940 2129 1108 2194 nunquam
1131 2113 1296 2177 cessantis

206 2210 309 2275 studii
337 2211 493 2294 praemia:
521 2215 659 2295 propter
683 2230 761 2294 quae
785 2217 952 2276 tantorum
975 2213 1118 2277 virorum
1142 2211 1296 2278 leudibus

208 2329 275 2376 non
289 2311 498 2402 impudenter
512 2331 550 2376 se
565 2331 711 2397 persone
724 2312 890 2377 histrionis
905 2313 1069 2378 inseruit!

653 2498 846 2550 BXTRRNA·

246 2635 276 2699 1.
299 2634 424 2699 Graeca
452 2654 586 2719 quoque
614 2634 788 2714 industria,
813 2636 974 2719 quoniam
1001 2643 1127 2700 nostrae
1151 2632 1291 2698 multum

206 2733 340 2814 proluit,
359 2753 457 2814 quem
476 2739 616 2797 meretur
639 2735 795 2812 fructum,
821 2736 941 2801 Latina
969 2736 1118 2819 linguan
1138 2733 1292 2816 recipiat.

201 2936 360 3052 &stapla
377 2951 429 3001 peu
448 2935 591 2986 meritum
610 2937 710 2986 Mnus
728 2938 812 2986 histrio
828 2954 880 2988 esur
896 2947 932 2991 tot
949 2943 1045 2994 mesco
1060 2943 1119 2991 uteie
1133 2957 1148 2990 u
1164 2940 1291 2989 mbielun

661 3093 839 3114 000000000000

201 3207 276 3258 tlte
296 3208 401 3272 Pighius
423 3213 451 3258 et
470 3208 547 3259 codd.
564 3209 671 3259 Tor-reu.
693 3209 770 3272 vulgo
790 3209 847 3270 eise.
888 3207 955 3258 Turn
973 3206 1033 3257 Per.
1054 3211 1075 3257 1.
1094 3210 1118 3256 a.
1135 3206 1291 3256 redum—

202 3275 236 3323 lt
250 3273 259 3303 ⁸
271 3273 314 3324 Sic
333 3272 465 3323 revocarit
485 3272 592 3323 Torren.
605 3288 637 3323 ex
647 3274 767 3324 omnibus
777 3271 854 3323 codd.
869 3277 897 3323 et
914 3271 974 3321 edd.
994 3275 1057 3322 vett.
1078 3270 1183 3335 Pighius
1194 3269 1290 3334 eliique

690 3433 797 3485 ΝΟΊἙ

230 3578 238 3611 ¹
252 3579 284 3628 P.
297 3577 408 3641 Graue]
425 3577 647 3642 Mutienue,qu'ue
657 3591 724 3628 rnor-
764 3591 797 3627 ex
813 3577 940 3629 Cicerone
953 3576 986 3628 ele
1006 3574 1081 3628 Oret.
1098 3577 1143 3627 lib.
1161 3589 1180 3626 r.
1193 3576 1226 3628 de
1236 3591 1288 3642 quo

199 3661 251 3704 tem
267 3653 426 3704 sumsimus
438 3653 482 3702 lib.
494 3667 536 3702 ιιι.
546 3667 569 3703 c.
578 3657 604 3703 2.
616 3668 641 3704 u.
652 3657 692 3703 la.
765 3669 812 3717 pro
824 3653 919 3704 Archia
936 3653 975 3704 ele
985 3653 1114 3718 loquitur:
1131 3653 1213 3706 ‘Quis
1229 3667 1288 3703 uce-

227 3728 237 3772 J
254 3731 284 3779 ln
300 3729 400 3794 quinceu
418 3727 528 3791 dicim]
545 3728 576 3778 ln
599 3728 724 3792 lonicum,
764 3735 832 3778 trum
844 3734 896 3778 tem
911 3728 995 3778 enimc
1004 3729 1101 3792 agresti
1111 3742 1142 3777 ec
1153 3727 1218 3778 eluro
1229 3727 1289 3790 fuit,

197 3805 330 3868 Doricum,
341 3803 465 3867 Atticum,
473 3804 603 3865 AEullceru,
612 3811 638 3855 et
647 3807 722 3856 Com·
761 3812 790 3855 ut
810 3804 899 3854 Roscii
913 3810 996 3854 morte
1013 3817 1095 3867 nuper
1111 3817 1161 3851 nun
1171 3815 1286 3850 morere-

197 3895 311 3932 munem.
763 3882 822 3932 tor?
837 3881 950 3945 quicum
961 3886 1030 3929 eeeet
1046 3893 1134 3940 senex,
1152 3885 1287 3938 mortuue;

227 3956 434 4008 1116666616.
452 3955 497 4008 01.
510 3959 564 4007 166.
574 3960 599 4008 2.
615 3955 680 4007 Urb.
690 3957 721 4007 c.
761 3961 846 4005 umen
866 3959 972 4017 propter
983 3953 1152 4002 excellentem
1165 3957 1245 4002 erteru
1258 3959 1287 4003 et

194 4034 251 4080 619.
263 4029 327 4080 Ant.
340 4031 386 4080 Clu.
399 4035 454 4081 166.
760 4035 933 4089 venustatem,
949 4026 1088 4077 videbatur
1102 4026 1204 4076 omnino
1220 4030 1285 4078 mori

227 4102 239 4137 ¹
256 4106 367 4168 mutue]
383 4105 529 4168 Conroedur,
540 4119 597 4156 cem
614 4106 720 4168 glorium
759 4119 810 4155 non
825 4100 965 4154 debuisse.'

194 4185 357 4240 consecutus,
368 4186 397 4229 ut
414 4179 568 4244 quicumque
577 4180 604 4230 in
622 4181 720 4234 irietrio·
792 4177 866 4239 tAn.
878 4175 1000 4228 616666.
1016 4177 1060 4229 01.
1071 4181 1126 4228 ire.
1140 4180 1163 4228 1.
1180 4176 1242 4228 Urb.
1253 4176 1283 4228 c.

195 4251 254 4302 uice
265 4252 414 4318 excelleret,
422 4255 444 4304 ie
456 4255 565 4306 Roscius
577 4255 719 4319 diceretur,
758 4258 815 4307 uer.
831 4253 897 4306 Aut.
908 4251 955 4303 cll.
966 4254 1008 4304 61.
