<?xml version="1.0" encoding="UTF-8"?>
<!DOCTYPE html PUBLIC "-//W3C//DTD XHTML 1.0 Transitional//EN"
    "http://www.w3.org/TR/xhtml1/DTD/xhtml1-transitional.dtd">
<html xmlns="http://www.w3.org/1999/xhtml" xml:lang="en" lang="en">
 <head>
  <title>
</title>
<meta http-equiv="Content-Type" content="text/html;charset=utf-8" />
  <meta name='ocr-system' content='tesseract 3.04.00' />
  <meta name='ocr-capabilities' content='ocr_page ocr_carea ocr_par ocr_line ocrx_word'/>
</head>
<body>
  <div class='ocr_page' id='page_1' title='image "./valeriimaximifa01maxigoog_0224.png"; bbox 0 0 3230 5110; ppageno 0'>
   <div class='ocr_carea' id='block_1_1' title="bbox 308 375 1110 439">
    <p class='ocr_par' dir='ltr' id='par_1_1' title="bbox 308 375 1110 439">
     <span class='ocr_line' id='line_1_1' title="bbox 308 375 1110 439; baseline -0.009 0"><span class='ocrx_word' id='word_1_1' title='bbox 308 375 373 439; x_wconf 72' lang='lat' dir='ltr'><strong>ano</strong></span> <span class='ocrx_word' id='word_1_2' title='bbox 600 385 755 434; x_wconf 72' lang='lat' dir='ltr'><strong>tmunnrr</strong></span> <span class='ocrx_word' id='word_1_3' title='bbox 779 385 924 432; x_wconf 77' lang='lat' dir='ltr'><strong>usxtur</strong></span> <span class='ocrx_word' id='word_1_4' title='bbox 950 383 1020 432; x_wconf 83' lang='lat' dir='ltr'><strong>nra.</strong></span> <span class='ocrx_word' id='word_1_5' title='bbox 1044 384 1110 432; x_wconf 86' lang='lat' dir='ltr'><strong>vn.</strong></span> 
     </span>
    </p>
   </div>
   <div class='ocr_carea' id='block_1_2' title="bbox 310 523 1402 1120">
    <p class='ocr_par' dir='ltr' id='par_1_2' title="bbox 310 523 1402 1120">
     <span class='ocr_line' id='line_1_2' title="bbox 311 523 1400 608; baseline -0.001 -14"><span class='ocrx_word' id='word_1_6' title='bbox 311 533 416 596; x_wconf 89' lang='lat' dir='ltr'><strong>totius</strong></span> <span class='ocrx_word' id='word_1_7' title='bbox 431 529 602 593; x_wconf 82' lang='lat' dir='ltr'><strong>concionis</strong></span> <span class='ocrx_word' id='word_1_8' title='bbox 618 529 726 592; x_wconf 81' lang='lat' dir='ltr'><strong>sibilis</strong></span> <span class='ocrx_word' id='word_1_9' title='bbox 741 534 896 603; x_wconf 77' lang='lat' dir='ltr'><strong>vexatus,</strong></span> <span class='ocrx_word' id='word_1_10' title='bbox 910 530 990 590; x_wconf 85' lang='lat' dir='ltr'><strong>uota</strong></span> <span class='ocrx_word' id='word_1_11' title='bbox 1011 524 1113 589; x_wconf 86' lang='lat' dir='ltr'><strong>etiam</strong></span> <span class='ocrx_word' id='word_1_12' title='bbox 1129 523 1285 608; x_wconf 79' lang='lat' dir='ltr'><strong>denegati</strong></span> <span class='ocrx_word' id='word_1_13' title='bbox 1300 529 1400 593; x_wconf 92' lang='lat' dir='ltr'><strong>hono·</strong></span> 
     </span>
     <span class='ocr_line' id='line_1_3' title="bbox 310 626 1400 716; baseline 0 -19"><span class='ocrx_word' id='word_1_14' title='bbox 310 635 356 702; x_wconf 86' lang='lat' dir='ltr'><strong>ris</strong></span> <span class='ocrx_word' id='word_1_15' title='bbox 371 633 578 716; x_wconf 59' lang='lat' dir='ltr'><strong>perstrictus</strong></span> <span class='ocrx_word' id='word_1_16' title='bbox 593 629 741 713; x_wconf 83' lang='lat' dir='ltr'><strong>ejusdem</strong></span> <span class='ocrx_word' id='word_1_17' title='bbox 756 628 865 710; x_wconf 88' lang='lat' dir='ltr'><strong>plebis</strong></span> <span class='ocrx_word' id='word_1_18' title='bbox 878 627 980 710; x_wconf 89' lang='lat' dir='ltr'><strong>paulo</strong></span> <span class='ocrx_word' id='word_1_19' title='bbox 994 634 1074 711; x_wconf 87' lang='lat' dir='ltr'><strong>post</strong></span> <span class='ocrx_word' id='word_1_20' title='bbox 1095 627 1130 689; x_wconf 91' lang='lat' dir='ltr'><strong>in</strong></span> <span class='ocrx_word' id='word_1_21' title='bbox 1145 626 1335 698; x_wconf 85' lang='lat' dir='ltr'><strong>discrimine</strong></span> <span class='ocrx_word' id='word_1_22' title='bbox 1350 635 1400 698; x_wconf 84' lang='lat' dir='ltr'><strong>vi·</strong></span> 
     </span>
     <span class='ocr_line' id='line_1_4' title="bbox 311 725 1401 811; baseline -0.001 -11"><span class='ocrx_word' id='word_1_23' title='bbox 311 745 356 800; x_wconf 72' lang='lat' dir='ltr'><strong>tas</strong></span> <span class='ocrx_word' id='word_1_24' title='bbox 383 732 637 798; x_wconf 83' lang='lat' dir='ltr'><strong>clementissima</strong></span> <span class='ocrx_word' id='word_1_25' title='bbox 657 729 811 810; x_wconf 82' lang='lat' dir='ltr'><strong>suffragia</strong></span> <span class='ocrx_word' id='word_1_26' title='bbox 837 737 996 811; x_wconf 84' lang='lat' dir='ltr'><strong>expertus</strong></span> <span class='ocrx_word' id='word_1_27' title='bbox 1019 734 1086 792; x_wconf 84' lang='lat' dir='ltr'><strong>est..</strong></span> <span class='ocrx_word' id='word_1_28' title='bbox 1123 725 1225 805; x_wconf 82' lang='lat' dir='ltr'><strong>Quod</strong></span> <span class='ocrx_word' id='word_1_29' title='bbox 1241 732 1271 792; x_wconf 88' lang='lat' dir='ltr'><strong>si</strong></span> <span class='ocrx_word' id='word_1_30' title='bbox 1293 732 1401 798; x_wconf 89' lang='lat' dir='ltr'><strong>adbuc</strong></span> 
     </span>
     <span class='ocr_line' id='line_1_5' title="bbox 312 829 1402 913; baseline -0.002 -13"><span class='ocrx_word' id='word_1_31' title='bbox 312 839 342 901; x_wconf 84' lang='lat' dir='ltr'><strong>ci</strong></span> <span class='ocrx_word' id='word_1_32' title='bbox 357 835 514 898; x_wconf 87' lang='lat' dir='ltr'><strong>ultionem</strong></span> <span class='ocrx_word' id='word_1_33' title='bbox 538 832 660 895; x_wconf 85' lang='lat' dir='ltr'><strong>sitienti</strong></span> <span class='ocrx_word' id='word_1_34' title='bbox 686 832 807 913; x_wconf 86' lang='lat' dir='ltr'><strong>capitis</strong></span> <span class='ocrx_word' id='word_1_35' title='bbox 830 832 882 894; x_wconf 89' lang='lat' dir='ltr'><strong>sui</strong></span> <span class='ocrx_word' id='word_1_36' title='bbox 909 829 1098 913; x_wconf 88' lang='lat' dir='ltr'><strong>periculum</strong></span> <span class='ocrx_word' id='word_1_37' title='bbox 1118 830 1310 913; x_wconf 81' lang='lat' dir='ltr'><strong>objecisset,</strong></span> <span class='ocrx_word' id='word_1_38' title='bbox 1328 836 1402 899; x_wconf 88' lang='lat' dir='ltr'><strong>nul-</strong></span> 
     </span>
     <span class='ocr_line' id='line_1_6' title="bbox 310 932 1378 1018; baseline -0.003 -17"><span class='ocrx_word' id='word_1_39' title='bbox 310 939 377 1001; x_wconf 86' lang='lat' dir='ltr'><strong>lam</strong></span> <span class='ocrx_word' id='word_1_40' title='bbox 391 944 521 1018; x_wconf 86' lang='lat' dir='ltr'><strong>purtem</strong></span> <span class='ocrx_word' id='word_1_41' title='bbox 535 933 733 996; x_wconf 85' lang='lat' dir='ltr'><strong>defensionis</strong></span> <span class='ocrx_word' id='word_1_42' title='bbox 750 933 828 996; x_wconf 91' lang='lat' dir='ltr'><strong>odio</strong></span> <span class='ocrx_word' id='word_1_43' title='bbox 843 934 1006 998; x_wconf 77' lang='lat' dir='ltr'><strong>obseratae</strong></span> <span class='ocrx_word' id='word_1_44' title='bbox 1022 951 1118 996; x_wconf 84' lang='lat' dir='ltr'><strong>aures</strong></span> <span class='ocrx_word' id='word_1_45' title='bbox 1132 932 1344 1016; x_wconf 75' lang='lat' dir='ltr'><strong>reciperent*</strong></span> <span class='ocrx_word' id='word_1_46' title='bbox 1354 945 1378 986; x_wconf 80' lang='lat'><strong>⁷³</strong></span> 
     </span>
     <span class='ocr_line' id='line_1_7' title="bbox 353 1033 1402 1120; baseline 0.001 -19"><span class='ocrx_word' id='word_1_47' title='bbox 353 1041 384 1101; x_wconf 87' lang='grc'><strong>7.</strong></span> <span class='ocrx_word' id='word_1_48' title='bbox 409 1035 500 1100; x_wconf 87' lang='lat' dir='ltr'><strong>Huic</strong></span> <span class='ocrx_word' id='word_1_49' title='bbox 515 1035 724 1099; x_wconf 84' lang='lat' dir='ltr'><strong>vaframento</strong></span> <span class='ocrx_word' id='word_1_50' title='bbox 740 1035 922 1098; x_wconf 86' lang='lat' dir='ltr'><strong>consimilis</strong></span> <span class='ocrx_word' id='word_1_51' title='bbox 941 1035 1002 1098; x_wconf 87' lang='lat' dir='ltr'><strong>illa</strong></span> <span class='ocrx_word' id='word_1_52' title='bbox 1022 1033 1200 1099; x_wconf 72' lang='lat' dir='ltr'><strong>calliditas.</strong></span> <span class='ocrx_word' id='word_1_53' title='bbox 1244 1033 1402 1120; x_wconf 82' lang='lat' dir='ltr'><strong>Superior</strong></span> 
     </span>
    </p>
   </div>
   <div class='ocr_carea' id='block_1_3' title="bbox 313 1135 1411 2031">
    <p class='ocr_par' dir='ltr' id='par_1_3' title="bbox 313 1135 1411 2031">
     <span class='ocr_line' id='line_1_8' title="bbox 315 1135 1403 1219; baseline 0 -17"><span class='ocrx_word' id='word_1_54' title='bbox 315 1138 484 1202; x_wconf 79' lang='lat' dir='ltr'><strong>Hannibal</strong></span> <span class='ocrx_word' id='word_1_55' title='bbox 497 1144 547 1186; x_wconf 71' lang='lat'><strong>⁷4³</strong></span> <span class='ocrx_word' id='word_1_56' title='bbox 569 1157 590 1199; x_wconf 87' lang='lat' dir='ltr'><strong>a</strong></span> <span class='ocrx_word' id='word_1_57' title='bbox 607 1137 721 1200; x_wconf 85' lang='lat' dir='ltr'><strong>Duilio</strong></span> <span class='ocrx_word' id='word_1_58' title='bbox 736 1136 992 1200; x_wconf 81' lang='lat' dir='ltr'><strong>consulenaveli</strong></span> <span class='ocrx_word' id='word_1_59' title='bbox 1004 1136 1121 1219; x_wconf 71' lang='lat' dir='ltr'><strong>praelio</strong></span> <span class='ocrx_word' id='word_1_60' title='bbox 1133 1135 1256 1214; x_wconf 84' lang='lat' dir='ltr'><strong>rictus,</strong></span> <span class='ocrx_word' id='word_1_61' title='bbox 1268 1139 1403 1203; x_wconf 86' lang='lat' dir='ltr'><strong>timens-</strong></span> 
     </span>
     <span class='ocr_line' id='line_1_9' title="bbox 314 1237 1403 1322; baseline 0.001 -20"><span class='ocrx_word' id='word_1_62' title='bbox 314 1257 378 1322; x_wconf 89' lang='lat' dir='ltr'><strong>que</strong></span> <span class='ocrx_word' id='word_1_63' title='bbox 393 1239 513 1302; x_wconf 81' lang='lat' dir='ltr'><strong>elassis</strong></span> <span class='ocrx_word' id='word_1_64' title='bbox 527 1237 797 1318; x_wconf 82' lang='lat' dir='ltr'><strong>amissaepoenas</strong></span> <span class='ocrx_word' id='word_1_65' title='bbox 810 1237 1072 1314; x_wconf 61' lang='lat' dir='ltr'><strong>duraciensem</strong></span> <span class='ocrx_word' id='word_1_66' title='bbox 1081 1238 1207 1302; x_wconf 84' lang='lat' dir='ltr'><strong>astutia</strong></span> <span class='ocrx_word' id='word_1_67' title='bbox 1220 1239 1299 1303; x_wconf 85' lang='lat' dir='ltr'><strong>mire</strong></span> <span class='ocrx_word' id='word_1_68' title='bbox 1310 1255 1403 1304; x_wconf 82' lang='lat' dir='ltr'><strong>aver-</strong></span> 
     </span>
     <span class='ocr_line' id='line_1_10' title="bbox 313 1337 1404 1421; baseline 0 -17"><span class='ocrx_word' id='word_1_69' title='bbox 313 1343 371 1405; x_wconf 89' lang='lat' dir='ltr'><strong>tit:</strong></span> <span class='ocrx_word' id='word_1_70' title='bbox 394 1357 471 1404; x_wconf 87' lang='lat' dir='ltr'><strong>nam</strong></span> <span class='ocrx_word' id='word_1_71' title='bbox 486 1357 528 1403; x_wconf 83' lang='lat' dir='ltr'><strong>ex</strong></span> <span class='ocrx_word' id='word_1_72' title='bbox 552 1339 610 1402; x_wconf 91' lang='lat' dir='ltr'><strong>illa</strong></span> <span class='ocrx_word' id='word_1_73' title='bbox 632 1338 756 1401; x_wconf 81' lang='lat' dir='ltr'><strong>infelici</strong></span> <span class='ocrx_word' id='word_1_74' title='bbox 773 1356 887 1420; x_wconf 77' lang='lat' dir='ltr'><strong>pugna</strong></span> <span class='ocrx_word' id='word_1_75' title='bbox 907 1337 998 1420; x_wconf 83' lang='lat' dir='ltr'><strong>prius</strong></span> <span class='ocrx_word' id='word_1_76' title='bbox 1014 1355 1116 1421; x_wconf 88' lang='lat' dir='ltr'><strong>qnam</strong></span> <span class='ocrx_word' id='word_1_77' title='bbox 1136 1337 1242 1403; x_wconf 83' lang='lat' dir='ltr'><strong>cladis</strong></span> <span class='ocrx_word' id='word_1_78' title='bbox 1264 1342 1404 1404; x_wconf 84' lang='lat' dir='ltr'><strong>nuntius</strong></span> 
     </span>
     <span class='ocr_line' id='line_1_11' title="bbox 315 1438 1406 1526; baseline 0 -21"><span class='ocrx_word' id='word_1_79' title='bbox 315 1443 448 1505; x_wconf 91' lang='lat' dir='ltr'><strong>domum</strong></span> <span class='ocrx_word' id='word_1_80' title='bbox 476 1441 670 1524; x_wconf 86' lang='lat' dir='ltr'><strong>perveniret,</strong></span> <span class='ocrx_word' id='word_1_81' title='bbox 696 1439 864 1523; x_wconf 85' lang='lat' dir='ltr'><strong>quendam</strong></span> <span class='ocrx_word' id='word_1_82' title='bbox 890 1458 933 1502; x_wconf 84' lang='lat' dir='ltr'><strong>ex</strong></span> <span class='ocrx_word' id='word_1_83' title='bbox 962 1438 1099 1502; x_wconf 76' lang='lat' dir='ltr'><strong>amicis¹</strong></span> <span class='ocrx_word' id='word_1_84' title='bbox 1121 1441 1342 1526; x_wconf 83' lang='lat' dir='ltr'><strong>compositum</strong></span> <span class='ocrx_word' id='word_1_85' title='bbox 1372 1446 1406 1505; x_wconf 87' lang='lat' dir='ltr'><strong>et</strong></span> 
     </span>
     <span class='ocr_line' id='line_1_12' title="bbox 315 1539 1406 1624; baseline 0 -18"><span class='ocrx_word' id='word_1_86' title='bbox 315 1543 491 1608; x_wconf 82' lang='lat' dir='ltr'><strong>formatum</strong></span> <span class='ocrx_word' id='word_1_87' title='bbox 504 1549 530 1591; x_wconf 78' lang='lat'><strong>⁷⁵</strong></span> <span class='ocrx_word' id='word_1_88' title='bbox 554 1541 788 1623; x_wconf 83' lang='lat' dir='ltr'><strong>Carthaginem</strong></span> <span class='ocrx_word' id='word_1_89' title='bbox 814 1542 916 1604; x_wconf 85' lang='lat' dir='ltr'><strong>misit.</strong></span> <span class='ocrx_word' id='word_1_90' title='bbox 960 1539 1029 1618; x_wconf 81' lang='lat' dir='ltr'><strong>Qui</strong></span> <span class='ocrx_word' id='word_1_91' title='bbox 1055 1546 1232 1624; x_wconf 77' lang='lat' dir='ltr'><strong>postquam</strong></span> <span class='ocrx_word' id='word_1_92' title='bbox 1258 1542 1406 1606; x_wconf 75' lang='lat' dir='ltr'><strong>civitatis</strong></span> 
     </span>
     <span class='ocr_line' id='line_1_13' title="bbox 316 1641 1406 1727; baseline -0.003 -18"><span class='ocrx_word' id='word_1_93' title='bbox 316 1646 392 1727; x_wconf 86' lang='lat' dir='ltr'><strong>ejus</strong></span> <span class='ocrx_word' id='word_1_94' title='bbox 419 1645 544 1708; x_wconf 92' lang='lat' dir='ltr'><strong>curiam</strong></span> <span class='ocrx_word' id='word_1_95' title='bbox 572 1645 725 1708; x_wconf 85' lang='lat' dir='ltr'><strong>intrarit:</strong></span> <span class='ocrx_word' id='word_1_96' title='bbox 749 1641 947 1719; x_wconf 87' lang='lat' dir='ltr'><strong>‘Consulit,&#39;</strong></span> <span class='ocrx_word' id='word_1_97' title='bbox 970 1643 1089 1725; x_wconf 88' lang='lat' dir='ltr'><strong>inquit,</strong></span> <span class='ocrx_word' id='word_1_98' title='bbox 1111 1647 1194 1707; x_wconf 83' lang='lat' dir='ltr'><strong>‘ros</strong></span> <span class='ocrx_word' id='word_1_99' title='bbox 1223 1641 1406 1720; x_wconf 86' lang='lat' dir='ltr'><strong>Hannibal,</strong></span> 
     </span>
     <span class='ocr_line' id='line_1_14' title="bbox 318 1743 1407 1827; baseline 0 -18"><span class='ocrx_word' id='word_1_100' title='bbox 318 1765 391 1809; x_wconf 87' lang='lat' dir='ltr'><strong>cam</strong></span> <span class='ocrx_word' id='word_1_101' title='bbox 418 1745 486 1808; x_wconf 85' lang='lat' dir='ltr'><strong>dux</strong></span> <span class='ocrx_word' id='word_1_102' title='bbox 512 1745 740 1809; x_wconf 88' lang='lat' dir='ltr'><strong>Romanorum</strong></span> <span class='ocrx_word' id='word_1_103' title='bbox 763 1763 903 1827; x_wconf 83' lang='lat' dir='ltr'><strong>magnas</strong></span> <span class='ocrx_word' id='word_1_104' title='bbox 928 1763 1043 1808; x_wconf 86' lang='lat' dir='ltr'><strong>secum</strong></span> <span class='ocrx_word' id='word_1_105' title='bbox 1069 1745 1253 1808; x_wconf 85' lang='lat' dir='ltr'><strong>maritimas</strong></span> <span class='ocrx_word' id='word_1_106' title='bbox 1276 1743 1407 1809; x_wconf 85' lang='lat' dir='ltr'><strong>trahens</strong></span> 
     </span>
     <span class='ocr_line' id='line_1_15' title="bbox 318 1842 1408 1930; baseline 0 -20"><span class='ocrx_word' id='word_1_107' title='bbox 318 1849 436 1929; x_wconf 86' lang='lat' dir='ltr'><strong>copias</strong></span> <span class='ocrx_word' id='word_1_108' title='bbox 451 1847 630 1924; x_wconf 83' lang='lat' dir='ltr'><strong>advenerit,</strong></span> <span class='ocrx_word' id='word_1_109' title='bbox 646 1867 690 1911; x_wconf 91' lang='lat' dir='ltr'><strong>an</strong></span> <span class='ocrx_word' id='word_1_110' title='bbox 704 1867 778 1911; x_wconf 89' lang='lat' dir='ltr'><strong>cum</strong></span> <span class='ocrx_word' id='word_1_111' title='bbox 792 1867 834 1910; x_wconf 88' lang='lat' dir='ltr'><strong>eo</strong></span> <span class='ocrx_word' id='word_1_112' title='bbox 849 1847 1026 1930; x_wconf 77' lang='lat' dir='ltr'><strong>confligere</strong></span> <span class='ocrx_word' id='word_1_113' title='bbox 1045 1845 1186 1911; x_wconf 64' lang='lat' dir='ltr'><strong>debeat?</strong></span> <span class='ocrx_word' id='word_1_114' title='bbox 1228 1842 1408 1910; x_wconf 78' lang='lat' dir='ltr'><strong>Acclama·</strong></span> 
     </span>
     <span class='ocr_line' id='line_1_16' title="bbox 318 1944 1411 2031; baseline -0.002 -19"><span class='ocrx_word' id='word_1_115' title='bbox 318 1950 367 2014; x_wconf 84' lang='lat' dir='ltr'><strong>rit</strong></span> <span class='ocrx_word' id='word_1_116' title='bbox 384 1949 556 2012; x_wconf 82' lang='lat' dir='ltr'><strong>uniuersus</strong></span> <span class='ocrx_word' id='word_1_117' title='bbox 582 1957 731 2028; x_wconf 79' lang='lat' dir='ltr'><strong>senatus,</strong></span> <span class='ocrx_word' id='word_1_118' title='bbox 748 1955 835 2014; x_wconf 93' lang='lat' dir='ltr'><strong>‘non</strong></span> <span class='ocrx_word' id='word_1_119' title='bbox 861 1969 935 2014; x_wconf 88' lang='lat' dir='ltr'><strong>esse</strong></span> <span class='ocrx_word' id='word_1_120' title='bbox 958 1950 1094 2014; x_wconf 88' lang='lat' dir='ltr'><strong>dubium</strong></span> <span class='ocrx_word' id='word_1_121' title='bbox 1118 1947 1200 2031; x_wconf 87' lang='lat' dir='ltr'><strong>quin</strong></span> <span class='ocrx_word' id='word_1_122' title='bbox 1220 1944 1411 2029; x_wconf 61' lang='lat' dir='ltr'><strong>oporteret?</strong></span> 
     </span>
    </p>
   </div>
   <div class='ocr_carea' id='block_1_4' title="bbox 320 2163 1411 2344">
    <p class='ocr_par' dir='ltr' id='par_1_4' title="bbox 320 2163 1411 2344">
     <span class='ocr_line' id='line_1_17' title="bbox 351 2163 1411 2231; baseline -0.005 -14"><span class='ocrx_word' id='word_1_123' title='bbox 351 2166 363 2200; x_wconf 81' lang='lat'><strong>&#39;¹</strong></span> <span class='ocrx_word' id='word_1_124' title='bbox 376 2170 444 2224; x_wconf 84' lang='lat' dir='ltr'><strong>Quod</strong></span> <span class='ocrx_word' id='word_1_125' title='bbox 454 2168 476 2217; x_wconf 81' lang='lat' dir='ltr'><strong>si</strong></span> <span class='ocrx_word' id='word_1_126' title='bbox 485 2169 551 2231; x_wconf 77' lang='lat' dir='ltr'><strong>prise</strong></span> <span class='ocrx_word' id='word_1_127' title='bbox 561 2168 622 2230; x_wconf 76' lang='lat' dir='ltr'><strong>opud</strong></span> <span class='ocrx_word' id='word_1_128' title='bbox 631 2169 718 2231; x_wconf 82' lang='lat' dir='ltr'><strong>plebem</strong></span> <span class='ocrx_word' id='word_1_129' title='bbox 727 2168 802 2218; x_wconf 76' lang='lat' dir='ltr'><strong>adbuc</strong></span> <span class='ocrx_word' id='word_1_130' title='bbox 813 2169 941 2230; x_wconf 72' lang='lat' dir='ltr'><strong>cupientem</strong></span> <span class='ocrx_word' id='word_1_131' title='bbox 952 2181 1003 2216; x_wconf 80' lang='lat' dir='ltr'><strong>euss</strong></span> <span class='ocrx_word' id='word_1_132' title='bbox 1013 2169 1097 2231; x_wconf 72' lang='lat' dir='ltr'><strong>misire</strong></span> <span class='ocrx_word' id='word_1_133' title='bbox 1114 2166 1201 2228; x_wconf 69' lang='lat' dir='ltr'><strong>egisset</strong></span> <span class='ocrx_word' id='word_1_134' title='bbox 1211 2179 1313 2226; x_wconf 74' lang='lat' dir='ltr'><strong>mesu,</strong></span> <span class='ocrx_word' id='word_1_135' title='bbox 1328 2163 1354 2212; x_wconf 81' lang='lat' dir='ltr'><strong>is</strong></span> <span class='ocrx_word' id='word_1_136' title='bbox 1365 2175 1411 2224; x_wconf 69' lang='lat' dir='ltr'><strong>qus</strong></span> 
     </span>
     <span class='ocr_line' id='line_1_18' title="bbox 320 2229 1411 2344; baseline -0.005 -61"><span class='ocrx_word' id='word_1_137' title='bbox 320 2232 632 2344; x_wconf 50' lang='lat' dir='ltr'><strong>zzntpqmqqupnqpebotss</strong></span> <span class='ocrx_word' id='word_1_138' title='bbox 649 2234 713 2282; x_wconf 78' lang='lat' dir='ltr'><strong>illius</strong></span> <span class='ocrx_word' id='word_1_139' title='bbox 723 2247 793 2282; x_wconf 81' lang='lat' dir='ltr'><strong>sures</strong></span> <span class='ocrx_word' id='word_1_140' title='bbox 804 2233 832 2281; x_wconf 82' lang='lat' dir='ltr'><strong>cb</strong></span> <span class='ocrx_word' id='word_1_141' title='bbox 842 2234 941 2282; x_wconf 69' lang='lat' dir='ltr'><strong>sincium</strong></span> <span class='ocrx_word' id='word_1_142' title='bbox 961 2233 1041 2282; x_wconf 82' lang='lat' dir='ltr'><strong>odium</strong></span> <span class='ocrx_word' id='word_1_143' title='bbox 1060 2235 1145 2282; x_wconf 72' lang='lat' dir='ltr'><strong>clauso</strong></span> <span class='ocrx_word' id='word_1_144' title='bbox 1162 2231 1237 2293; x_wconf 79' lang='lat' dir='ltr'><strong>ipsius</strong></span> <span class='ocrx_word' id='word_1_145' title='bbox 1255 2229 1411 2291; x_wconf 62' lang='lat' dir='ltr'><strong>wmarus</strong></span> 
     </span>
    </p>
   </div>
   <div class='ocr_carea' id='block_1_5' title="bbox 778 2389 958 2410">
    <p class='ocr_par' dir='ltr' id='par_1_5' title="bbox 778 2389 958 2410">
     <span class='ocr_line' id='line_1_19' title="bbox 778 2389 958 2410; baseline -0.006 0"><span class='ocrx_word' id='word_1_146' title='bbox 778 2389 958 2410; x_wconf 59' lang='grc' dir='ltr'><strong>ΜΙΙΜΟ</strong></span> 
     </span>
    </p>
   </div>
   <div class='ocr_carea' id='block_1_6' title="bbox 292 2494 1423 3650">
    <p class='ocr_par' dir='ltr' id='par_1_6' title="bbox 292 2494 1423 3650">
     <span class='ocr_line' id='line_1_20' title="bbox 322 2494 1412 2562; baseline -0.005 -14"><span class='ocrx_word' id='word_1_147' title='bbox 322 2497 393 2562; x_wconf 82' lang='lat' dir='ltr'><strong>typis</strong></span> <span class='ocrx_word' id='word_1_148' title='bbox 405 2498 519 2561; x_wconf 74' lang='lat' dir='ltr'><strong>expressi</strong></span> <span class='ocrx_word' id='word_1_149' title='bbox 530 2504 557 2546; x_wconf 87' lang='lat' dir='ltr'><strong>et</strong></span> <span class='ocrx_word' id='word_1_150' title='bbox 569 2505 677 2562; x_wconf 86' lang='lat' dir='ltr'><strong>uterque</strong></span> <span class='ocrx_word' id='word_1_151' title='bbox 689 2497 785 2549; x_wconf 74' lang='lat' dir='ltr'><strong>Brund.</strong></span> <span class='ocrx_word' id='word_1_152' title='bbox 817 2497 927 2562; x_wconf 80' lang='lat' dir='ltr'><strong>Pighius</strong></span> <span class='ocrx_word' id='word_1_153' title='bbox 940 2505 1026 2546; x_wconf 81' lang='lat' dir='ltr'><strong>tomen</strong></span> <span class='ocrx_word' id='word_1_154' title='bbox 1039 2496 1127 2545; x_wconf 74' lang='lat' dir='ltr'><strong>maluit</strong></span> <span class='ocrx_word' id='word_1_155' title='bbox 1138 2495 1257 2544; x_wconf 80' lang='lat' dir='ltr'><strong>comitiis:</strong></span> <span class='ocrx_word' id='word_1_156' title='bbox 1274 2508 1350 2558; x_wconf 85' lang='lat' dir='ltr'><strong>qoem</strong></span> <span class='ocrx_word' id='word_1_157' title='bbox 1367 2494 1412 2544; x_wconf 83' lang='lat' dir='ltr'><strong>olii</strong></span> 
     </span>
     <span class='ocr_line' id='line_1_21' title="bbox 323 2559 1412 2626; baseline -0.004 -15"><span class='ocrx_word' id='word_1_158' title='bbox 323 2569 351 2612; x_wconf 88' lang='lat' dir='ltr'><strong>et</strong></span> <span class='ocrx_word' id='word_1_159' title='bbox 361 2563 443 2612; x_wconf 82' lang='lat' dir='ltr'><strong>secuti</strong></span> <span class='ocrx_word' id='word_1_160' title='bbox 454 2568 523 2611; x_wconf 89' lang='lat' dir='ltr'><strong>sunt.</strong></span> <span class='ocrx_word' id='word_1_161' title='bbox 559 2563 649 2626; x_wconf 82' lang='lat' dir='ltr'><strong>Ultmj.</strong></span> <span class='ocrx_word' id='word_1_162' title='bbox 662 2565 736 2626; x_wconf 88' lang='lat' dir='ltr'><strong>prim.</strong></span> <span class='ocrx_word' id='word_1_163' title='bbox 750 2563 821 2612; x_wconf 83' lang='lat' dir='ltr'><strong>Leid.</strong></span> <span class='ocrx_word' id='word_1_164' title='bbox 833 2577 885 2612; x_wconf 84' lang='lat' dir='ltr'><strong>ser.</strong></span> <span class='ocrx_word' id='word_1_165' title='bbox 902 2569 968 2613; x_wconf 76' lang='lat' dir='ltr'><strong>mxl.</strong></span> <span class='ocrx_word' id='word_1_166' title='bbox 988 2562 1069 2611; x_wconf 76' lang='lat' dir='ltr'><strong>Barb.</strong></span> <span class='ocrx_word' id='word_1_167' title='bbox 1087 2567 1196 2622; x_wconf 84' lang='lat' dir='ltr'><strong>uterque</strong></span> <span class='ocrx_word' id='word_1_168' title='bbox 1218 2567 1246 2608; x_wconf 87' lang='lat' dir='ltr'><strong>et</strong></span> <span class='ocrx_word' id='word_1_169' title='bbox 1257 2559 1351 2622; x_wconf 79' lang='lat' dir='ltr'><strong>copes.</strong></span> <span class='ocrx_word' id='word_1_170' title='bbox 1365 2561 1412 2608; x_wconf 84' lang='lat' dir='ltr'><strong>Co·</strong></span> 
     </span>
     <span class='ocr_line' id='line_1_22' title="bbox 323 2621 1412 2691; baseline -0.005 -16"><span class='ocrx_word' id='word_1_171' title='bbox 323 2627 395 2687; x_wconf 81' lang='lat' dir='ltr'><strong>milii,</strong></span> <span class='ocrx_word' id='word_1_172' title='bbox 407 2627 459 2674; x_wconf 87' lang='lat' dir='ltr'><strong>Bit.</strong></span> <span class='ocrx_word' id='word_1_173' title='bbox 471 2629 544 2688; x_wconf 87' lang='lat' dir='ltr'><strong>prim.</strong></span> <span class='ocrx_word' id='word_1_174' title='bbox 562 2627 677 2683; x_wconf 84' lang='lat' dir='ltr'><strong>consitii‚·</strong></span> <span class='ocrx_word' id='word_1_175' title='bbox 694 2627 762 2691; x_wconf 89' lang='lat' dir='ltr'><strong>quod</strong></span> <span class='ocrx_word' id='word_1_176' title='bbox 781 2628 878 2690; x_wconf 86' lang='lat' dir='ltr'><strong>plscuit</strong></span> <span class='ocrx_word' id='word_1_177' title='bbox 895 2627 986 2676; x_wconf 84' lang='lat' dir='ltr'><strong>Medio</strong></span> <span class='ocrx_word' id='word_1_178' title='bbox 1005 2625 1089 2688; x_wconf 80' lang='lat' dir='ltr'><strong>Epist.</strong></span> <span class='ocrx_word' id='word_1_179' title='bbox 1108 2627 1165 2673; x_wconf 78' lang='lat'><strong>128.</strong></span> <span class='ocrx_word' id='word_1_180' title='bbox 1181 2623 1265 2672; x_wconf 82' lang='lat' dir='ltr'><strong>ceteri</strong></span> <span class='ocrx_word' id='word_1_181' title='bbox 1284 2637 1341 2672; x_wconf 83' lang='lat' dir='ltr'><strong>cum</strong></span> <span class='ocrx_word' id='word_1_182' title='bbox 1362 2621 1412 2675; x_wconf 86' lang='lat' dir='ltr'><strong>Ed.</strong></span> 
     </span>
     <span class='ocr_line' id='line_1_23' title="bbox 325 2688 1414 2754; baseline -0.004 -15"><span class='ocrx_word' id='word_1_183' title='bbox 325 2691 395 2750; x_wconf 71' lang='lat' dir='ltr'><strong>Moq.</strong></span> <span class='ocrx_word' id='word_1_184' title='bbox 407 2690 580 2740; x_wconf 70' lang='lat' dir='ltr'><strong>comitile—78</strong></span> <span class='ocrx_word' id='word_1_185' title='bbox 597 2692 719 2753; x_wconf 80' lang='lat' dir='ltr'><strong>‘Piqbins</strong></span> <span class='ocrx_word' id='word_1_186' title='bbox 730 2692 833 2754; x_wconf 78' lang='lat' dir='ltr'><strong>scripsit</strong></span> <span class='ocrx_word' id='word_1_187' title='bbox 843 2691 984 2754; x_wconf 73' lang='lat' dir='ltr'><strong>recepissent</strong></span> <span class='ocrx_word' id='word_1_188' title='bbox 990 2705 1000 2748; x_wconf 93' lang='lat'><strong>,·</strong></span> <span class='ocrx_word' id='word_1_189' title='bbox 1017 2690 1103 2738; x_wconf 85' lang='lat' dir='ltr'><strong>nescio</strong></span> <span class='ocrx_word' id='word_1_190' title='bbox 1115 2703 1147 2736; x_wconf 83' lang='lat' dir='ltr'><strong>es</strong></span> <span class='ocrx_word' id='word_1_191' title='bbox 1159 2688 1319 2750; x_wconf 84' lang='lat' dir='ltr'><strong>conjectum,</strong></span> <span class='ocrx_word' id='word_1_192' title='bbox 1337 2701 1370 2736; x_wconf 83' lang='lat' dir='ltr'><strong>on</strong></span> <span class='ocrx_word' id='word_1_193' title='bbox 1381 2701 1414 2735; x_wconf 83' lang='lat' dir='ltr'><strong>ex</strong></span> 
     </span>
     <span class='ocr_line' id='line_1_24' title="bbox 324 2751 1415 2820; baseline -0.004 -18"><span class='ocrx_word' id='word_1_194' title='bbox 324 2754 437 2816; x_wconf 81' lang='lat' dir='ltr'><strong>antiquis</strong></span> <span class='ocrx_word' id='word_1_195' title='bbox 448 2755 523 2803; x_wconf 87' lang='lat' dir='ltr'><strong>codd.</strong></span> <span class='ocrx_word' id='word_1_196' title='bbox 555 2755 676 2804; x_wconf 86' lang='lat' dir='ltr'><strong>Ceterum</strong></span> <span class='ocrx_word' id='word_1_197' title='bbox 689 2757 845 2819; x_wconf 70' lang='lat' dir='ltr'><strong>antiquiores</strong></span> <span class='ocrx_word' id='word_1_198' title='bbox 858 2757 926 2820; x_wconf 79' lang='lat' dir='ltr'><strong>typis</strong></span> <span class='ocrx_word' id='word_1_199' title='bbox 938 2755 1054 2818; x_wconf 72' lang='lat' dir='ltr'><strong>expressi</strong></span> <span class='ocrx_word' id='word_1_200' title='bbox 1073 2753 1167 2802; x_wconf 72' lang='lat' dir='ltr'><strong>babent</strong></span> <span class='ocrx_word' id='word_1_201' title='bbox 1182 2752 1328 2814; x_wconf 79' lang='lat' dir='ltr'><strong>reciperent:</strong></span> <span class='ocrx_word' id='word_1_202' title='bbox 1347 2751 1415 2815; x_wconf 89' lang='lat' dir='ltr'><strong>quod</strong></span> 
     </span>
     <span class='ocr_line' id='line_1_25' title="bbox 324 2815 1417 2884; baseline -0.003 -17"><span class='ocrx_word' id='word_1_203' title='bbox 324 2818 393 2867; x_wconf 86' lang='lat' dir='ltr'><strong>idem</strong></span> <span class='ocrx_word' id='word_1_204' title='bbox 411 2825 439 2866; x_wconf 89' lang='lat' dir='ltr'><strong>et</strong></span> <span class='ocrx_word' id='word_1_205' title='bbox 458 2818 483 2864; x_wconf 91' lang='lat' dir='ltr'><strong>in</strong></span> <span class='ocrx_word' id='word_1_206' title='bbox 502 2825 613 2882; x_wconf 86' lang='lat' dir='ltr'><strong>utroque</strong></span> <span class='ocrx_word' id='word_1_207' title='bbox 632 2821 688 2868; x_wconf 83' lang='lat' dir='ltr'><strong>cod.</strong></span> <span class='ocrx_word' id='word_1_208' title='bbox 707 2819 805 2870; x_wconf 84' lang='lat' dir='ltr'><strong>Brsnd.</strong></span> <span class='ocrx_word' id='word_1_209' title='bbox 823 2817 944 2884; x_wconf 84' lang='lat' dir='ltr'><strong>reperio.&#39;</strong></span> <span class='ocrx_word' id='word_1_210' title='bbox 965 2819 1045 2869; x_wconf 82' lang='lat' dir='ltr'><strong>Vorst.</strong></span> <span class='ocrx_word' id='word_1_211' title='bbox 1072 2817 1201 2879; x_wconf 74' lang='lat' dir='ltr'><strong>reciperent</strong></span> <span class='ocrx_word' id='word_1_212' title='bbox 1220 2815 1319 2864; x_wconf 86' lang='lat' dir='ltr'><strong>babent</strong></span> <span class='ocrx_word' id='word_1_213' title='bbox 1337 2817 1417 2864; x_wconf 83' lang='lat' dir='ltr'><strong>etism</strong></span> 
     </span>
     <span class='ocr_line' id='line_1_26' title="bbox 325 2879 1417 2946; baseline -0.004 -14"><span class='ocrx_word' id='word_1_214' title='bbox 325 2883 414 2932; x_wconf 84' lang='lat' dir='ltr'><strong>decem</strong></span> <span class='ocrx_word' id='word_1_215' title='bbox 426 2882 502 2931; x_wconf 84' lang='lat' dir='ltr'><strong>codd.</strong></span> <span class='ocrx_word' id='word_1_216' title='bbox 514 2881 621 2932; x_wconf 83' lang='lat' dir='ltr'><strong>Torren.</strong></span> <span class='ocrx_word' id='word_1_217' title='bbox 632 2885 766 2946; x_wconf 70' lang='lat' dir='ltr'><strong>exciperent</strong></span> <span class='ocrx_word' id='word_1_218' title='bbox 778 2899 843 2935; x_wconf 88' lang='lat' dir='ltr'><strong>unus</strong></span> <span class='ocrx_word' id='word_1_219' title='bbox 856 2884 928 2934; x_wconf 82' lang='lat' dir='ltr'><strong>Leid.</strong></span> <span class='ocrx_word' id='word_1_220' title='bbox 943 2887 1029 2934; x_wconf 81' lang='lat' dir='ltr'><strong>1.-ts</strong></span> <span class='ocrx_word' id='word_1_221' title='bbox 1048 2879 1089 2930; x_wconf 78' lang='lat' dir='ltr'><strong>lta</strong></span> <span class='ocrx_word' id='word_1_222' title='bbox 1098 2881 1204 2944; x_wconf 79' lang='lat' dir='ltr'><strong>Pighius</strong></span> <span class='ocrx_word' id='word_1_223' title='bbox 1213 2894 1246 2926; x_wconf 83' lang='lat' dir='ltr'><strong>ex</strong></span> <span class='ocrx_word' id='word_1_224' title='bbox 1255 2879 1346 2928; x_wconf 88' lang='lat' dir='ltr'><strong>Colon.</strong></span> <span class='ocrx_word' id='word_1_225' title='bbox 1357 2880 1417 2928; x_wconf 81' lang='lat' dir='ltr'><strong>Sus.</strong></span> 
     </span>
     <span class='ocr_line' id='line_1_27' title="bbox 325 2943 1416 3012; baseline -0.004 -16"><span class='ocrx_word' id='word_1_226' title='bbox 325 2955 354 2996; x_wconf 89' lang='lat' dir='ltr'><strong>et</strong></span> <span class='ocrx_word' id='word_1_227' title='bbox 365 2948 448 2996; x_wconf 85' lang='lat' dir='ltr'><strong>Palm.</strong></span> <span class='ocrx_word' id='word_1_228' title='bbox 468 2948 555 3010; x_wconf 84' lang='lat' dir='ltr'><strong>imque</strong></span> <span class='ocrx_word' id='word_1_229' title='bbox 565 2961 629 2998; x_wconf 84' lang='lat' dir='ltr'><strong>unos</strong></span> <span class='ocrx_word' id='word_1_230' title='bbox 641 2948 738 2997; x_wconf 78' lang='lat' dir='ltr'><strong>Brund.</strong></span> <span class='ocrx_word' id='word_1_231' title='bbox 750 2949 845 3012; x_wconf 75' lang='lat' dir='ltr'><strong>Ultrqi.</strong></span> <span class='ocrx_word' id='word_1_232' title='bbox 858 2954 882 2997; x_wconf 85' lang='lat' dir='ltr'><strong>t.</strong></span> <span class='ocrx_word' id='word_1_233' title='bbox 893 2953 919 2998; x_wconf 76' lang='lat'><strong>2.</strong></span> <span class='ocrx_word' id='word_1_234' title='bbox 930 2949 1023 3009; x_wconf 85' lang='lat' dir='ltr'><strong>Copes.</strong></span> <span class='ocrx_word' id='word_1_235' title='bbox 1035 2944 1132 2994; x_wconf 81' lang='lat' dir='ltr'><strong>Medic.</strong></span> <span class='ocrx_word' id='word_1_236' title='bbox 1145 2949 1168 2992; x_wconf 89' lang='lat'><strong>1.</strong></span> <span class='ocrx_word' id='word_1_237' title='bbox 1182 2947 1206 2992; x_wconf 70' lang='lat'><strong>2.</strong></span> <span class='ocrx_word' id='word_1_238' title='bbox 1224 2943 1308 2992; x_wconf 88' lang='lat' dir='ltr'><strong>Bitur.</strong></span> <span class='ocrx_word' id='word_1_239' title='bbox 1319 2948 1343 2992; x_wconf 76' lang='grc'><strong>2.</strong></span> <span class='ocrx_word' id='word_1_240' title='bbox 1356 2943 1416 2992; x_wconf 88' lang='lat' dir='ltr'><strong>Vet.</strong></span> 
     </span>
     <span class='ocr_line' id='line_1_28' title="bbox 326 3005 1415 3076; baseline -0.006 -16"><span class='ocrx_word' id='word_1_241' title='bbox 326 3013 399 3075; x_wconf 70' lang='lat' dir='ltr'><strong>Meg.</strong></span> <span class='ocrx_word' id='word_1_242' title='bbox 410 3023 437 3060; x_wconf 84' lang='lat' dir='ltr'><strong>et</strong></span> <span class='ocrx_word' id='word_1_243' title='bbox 448 3011 555 3061; x_wconf 86' lang='lat' dir='ltr'><strong>Medici.</strong></span> <span class='ocrx_word' id='word_1_244' title='bbox 572 3012 685 3076; x_wconf 79' lang='lat' dir='ltr'><strong>Superior</strong></span> <span class='ocrx_word' id='word_1_245' title='bbox 696 3013 771 3062; x_wconf 87' lang='lat' dir='ltr'><strong>deest</strong></span> <span class='ocrx_word' id='word_1_246' title='bbox 781 3013 807 3060; x_wconf 89' lang='lat' dir='ltr'><strong>in</strong></span> <span class='ocrx_word' id='word_1_247' title='bbox 819 3011 897 3061; x_wconf 80' lang='lat' dir='ltr'><strong>Aldd.</strong></span> <span class='ocrx_word' id='word_1_248' title='bbox 907 3011 990 3060; x_wconf 91' lang='lat' dir='ltr'><strong>Colin.</strong></span> <span class='ocrx_word' id='word_1_249' title='bbox 1002 3009 1104 3072; x_wconf 78' lang='lat' dir='ltr'><strong>Grypb.</strong></span> <span class='ocrx_word' id='word_1_250' title='bbox 1116 3015 1143 3055; x_wconf 92' lang='lat' dir='ltr'><strong>et</strong></span> <span class='ocrx_word' id='word_1_251' title='bbox 1153 3007 1243 3069; x_wconf 83' lang='lat' dir='ltr'><strong>Steplt.</strong></span> <span class='ocrx_word' id='word_1_252' title='bbox 1262 3014 1290 3056; x_wconf 85' lang='lat' dir='ltr'><strong>et</strong></span> <span class='ocrx_word' id='word_1_253' title='bbox 1309 3005 1415 3070; x_wconf 87' lang='lat' dir='ltr'><strong>quibus·</strong></span> 
     </span>
     <span class='ocr_line' id='line_1_29' title="bbox 326 3071 1419 3139; baseline -0.007 -13"><span class='ocrx_word' id='word_1_254' title='bbox 326 3078 384 3126; x_wconf 83' lang='lat' dir='ltr'><strong>dam</strong></span> <span class='ocrx_word' id='word_1_255' title='bbox 396 3076 471 3126; x_wconf 89' lang='lat' dir='ltr'><strong>codd.</strong></span> <span class='ocrx_word' id='word_1_256' title='bbox 484 3077 595 3139; x_wconf 86' lang='lat' dir='ltr'><strong>quinque</strong></span> <span class='ocrx_word' id='word_1_257' title='bbox 606 3078 649 3125; x_wconf 79' lang='lat' dir='ltr'><strong>alii</strong></span> <span class='ocrx_word' id='word_1_258' title='bbox 659 3076 735 3125; x_wconf 89' lang='lat' dir='ltr'><strong>codd.</strong></span> <span class='ocrx_word' id='word_1_259' title='bbox 745 3075 855 3125; x_wconf 87' lang='lat' dir='ltr'><strong>Torren.</strong></span> <span class='ocrx_word' id='word_1_260' title='bbox 868 3076 963 3123; x_wconf 78' lang='lat' dir='ltr'><strong>liabent</strong></span> <span class='ocrx_word' id='word_1_261' title='bbox 973 3073 1098 3136; x_wconf 78' lang='lat' dir='ltr'><strong>superiori,</strong></span> <span class='ocrx_word' id='word_1_262' title='bbox 1117 3071 1191 3120; x_wconf 77' lang='lat' dir='ltr'><strong>litera</strong></span> <span class='ocrx_word' id='word_1_263' title='bbox 1211 3071 1294 3133; x_wconf 85' lang='lat' dir='ltr'><strong>primo</strong></span> <span class='ocrx_word' id='word_1_264' title='bbox 1313 3071 1419 3131; x_wconf 88' lang='lat' dir='ltr'><strong>minori,</strong></span> 
     </span>
     <span class='ocr_line' id='line_1_30' title="bbox 327 3135 1418 3205; baseline -0.005 -17"><span class='ocrx_word' id='word_1_265' title='bbox 327 3142 398 3205; x_wconf 81' lang='lat' dir='ltr'><strong>qnasi</strong></span> <span class='ocrx_word' id='word_1_266' title='bbox 407 3139 568 3188; x_wconf 81' lang='lat' dir='ltr'><strong>referendum</strong></span> <span class='ocrx_word' id='word_1_267' title='bbox 580 3148 649 3188; x_wconf 85' lang='lat' dir='ltr'><strong>esset</strong></span> <span class='ocrx_word' id='word_1_268' title='bbox 660 3141 691 3188; x_wconf 82' lang='lat' dir='ltr'><strong>sd</strong></span> <span class='ocrx_word' id='word_1_269' title='bbox 702 3139 732 3188; x_wconf 77' lang='lat' dir='ltr'><strong>rb</strong></span> <span class='ocrx_word' id='word_1_270' title='bbox 742 3140 897 3201; x_wconf 80' lang='lat' dir='ltr'><strong>sofromsuto.</strong></span> <span class='ocrx_word' id='word_1_271' title='bbox 930 3137 1052 3200; x_wconf 81' lang='lat' dir='ltr'><strong>Plerique</strong></span> <span class='ocrx_word' id='word_1_272' title='bbox 1064 3135 1139 3186; x_wconf 88' lang='lat' dir='ltr'><strong>codd.</strong></span> <span class='ocrx_word' id='word_1_273' title='bbox 1159 3149 1217 3183; x_wconf 90' lang='lat' dir='ltr'><strong>cum</strong></span> <span class='ocrx_word' id='word_1_274' title='bbox 1237 3135 1418 3198; x_wconf 70' lang='lat' dir='ltr'><strong>antiquissimis</strong></span> 
     </span>
     <span class='ocr_line' id='line_1_31' title="bbox 327 3199 1415 3267; baseline -0.002 -17"><span class='ocrx_word' id='word_1_275' title='bbox 327 3203 573 3251; x_wconf 58' lang='lat' dir='ltr'><strong>conduceremus.</strong></span> <span class='ocrx_word' id='word_1_276' title='bbox 606 3203 669 3251; x_wconf 84' lang='lat' dir='ltr'><strong>Mox</strong></span> <span class='ocrx_word' id='word_1_277' title='bbox 680 3205 739 3253; x_wconf 81' lang='lat' dir='ltr'><strong>mire</strong></span> <span class='ocrx_word' id='word_1_278' title='bbox 751 3207 826 3254; x_wconf 82' lang='lat' dir='ltr'><strong>abest</strong></span> <span class='ocrx_word' id='word_1_279' title='bbox 836 3205 867 3252; x_wconf 83' lang='lat' dir='ltr'><strong>ab</strong></span> <span class='ocrx_word' id='word_1_280' title='bbox 879 3210 988 3267; x_wconf 84' lang='lat' dir='ltr'><strong>utroque</strong></span> <span class='ocrx_word' id='word_1_281' title='bbox 1001 3199 1099 3250; x_wconf 83' lang='lat' dir='ltr'><strong>Brsurl.</strong></span> <span class='ocrx_word' id='word_1_282' title='bbox 1111 3213 1203 3248; x_wconf 85' lang='lat' dir='ltr'><strong>novem</strong></span> <span class='ocrx_word' id='word_1_283' title='bbox 1218 3199 1296 3250; x_wconf 86' lang='lat' dir='ltr'><strong>codd.</strong></span> <span class='ocrx_word' id='word_1_284' title='bbox 1307 3201 1415 3248; x_wconf 85' lang='lat' dir='ltr'><strong>Torreu.</strong></span> 
     </span>
     <span class='ocr_line' id='line_1_32' title="bbox 328 3263 1418 3330; baseline -0.003 -15"><span class='ocrx_word' id='word_1_285' title='bbox 328 3275 356 3316; x_wconf 84' lang='lat' dir='ltr'><strong>et</strong></span> <span class='ocrx_word' id='word_1_286' title='bbox 367 3265 502 3322; x_wconf 57' lang='lat' dir='ltr'><strong>Mon—ld</strong></span> <span class='ocrx_word' id='word_1_287' title='bbox 520 3267 561 3314; x_wconf 87' lang='lat' dir='ltr'><strong>lta</strong></span> <span class='ocrx_word' id='word_1_288' title='bbox 572 3265 640 3315; x_wconf 84' lang='lat' dir='ltr'><strong>hona</strong></span> <span class='ocrx_word' id='word_1_289' title='bbox 652 3282 710 3330; x_wconf 85' lang='lat' dir='ltr'><strong>pars</strong></span> <span class='ocrx_word' id='word_1_290' title='bbox 723 3269 799 3318; x_wconf 87' lang='lat' dir='ltr'><strong>codd.</strong></span> <span class='ocrx_word' id='word_1_291' title='bbox 810 3269 916 3317; x_wconf 85' lang='lat' dir='ltr'><strong>Torreu.</strong></span> <span class='ocrx_word' id='word_1_292' title='bbox 929 3281 975 3315; x_wconf 85' lang='lat' dir='ltr'><strong>sex</strong></span> <span class='ocrx_word' id='word_1_293' title='bbox 987 3265 1120 3328; x_wconf 68' lang='lat' dir='ltr'><strong>Pugnant,</strong></span> <span class='ocrx_word' id='word_1_294' title='bbox 1138 3263 1236 3312; x_wconf 82' lang='lat' dir='ltr'><strong>Brand.</strong></span> <span class='ocrx_word' id='word_1_295' title='bbox 1249 3268 1272 3312; x_wconf 91' lang='lat' dir='ltr'><strong>l.</strong></span> <span class='ocrx_word' id='word_1_296' title='bbox 1283 3265 1307 3312; x_wconf 73' lang='lat'><strong>2.</strong></span> <span class='ocrx_word' id='word_1_297' title='bbox 1324 3265 1418 3325; x_wconf 84' lang='lat' dir='ltr'><strong>Copes.</strong></span> 
     </span>
     <span class='ocr_line' id='line_1_33' title="bbox 328 3325 1419 3392; baseline -0.004 -14"><span class='ocrx_word' id='word_1_298' title='bbox 328 3331 389 3380; x_wconf 85' lang='lat' dir='ltr'><strong>Vet.</strong></span> <span class='ocrx_word' id='word_1_299' title='bbox 400 3331 472 3390; x_wconf 80' lang='lat' dir='ltr'><strong>ltlog.</strong></span> <span class='ocrx_word' id='word_1_300' title='bbox 485 3336 511 3377; x_wconf 87' lang='lat' dir='ltr'><strong>et</strong></span> <span class='ocrx_word' id='word_1_301' title='bbox 525 3329 635 3392; x_wconf 86' lang='lat' dir='ltr'><strong>Herbip.</strong></span> <span class='ocrx_word' id='word_1_302' title='bbox 651 3332 801 3381; x_wconf 75' lang='lat' dir='ltr'><strong>subornrtum</strong></span> <span class='ocrx_word' id='word_1_303' title='bbox 813 3332 911 3381; x_wconf 85' lang='lat' dir='ltr'><strong>Caucb.</strong></span> <span class='ocrx_word' id='word_1_304' title='bbox 922 3329 1027 3379; x_wconf 86' lang='lat' dir='ltr'><strong>Winck.</strong></span> <span class='ocrx_word' id='word_1_305' title='bbox 1040 3325 1114 3379; x_wconf 74' lang='lat' dir='ltr'><strong>Ireid.</strong></span> <span class='ocrx_word' id='word_1_306' title='bbox 1126 3333 1150 3376; x_wconf 76' lang='lat'><strong>5.</strong></span> <span class='ocrx_word' id='word_1_307' title='bbox 1168 3334 1195 3377; x_wconf 90' lang='lat' dir='ltr'><strong>et</strong></span> <span class='ocrx_word' id='word_1_308' title='bbox 1207 3327 1292 3378; x_wconf 86' lang='lat' dir='ltr'><strong>llitur.</strong></span> <span class='ocrx_word' id='word_1_309' title='bbox 1304 3331 1327 3378; x_wconf 90' lang='lat'><strong>1.</strong></span> <span class='ocrx_word' id='word_1_310' title='bbox 1344 3328 1419 3388; x_wconf 65' lang='lat' dir='ltr'><strong>brior-</strong></span> 
     </span>
     <span class='ocr_line' id='line_1_34' title="bbox 292 3392 1419 3456; baseline -0.004 -13"><span class='ocrx_word' id='word_1_311' title='bbox 292 3393 298 3405; x_wconf 88' lang='lat'>&#39;</span> <span class='ocrx_word' id='word_1_312' title='bbox 328 3400 418 3444; x_wconf 73' lang='lat' dir='ltr'><strong>uatum</strong></span> <span class='ocrx_word' id='word_1_313' title='bbox 430 3393 507 3442; x_wconf 86' lang='lat' dir='ltr'><strong>Bsrb.</strong></span> <span class='ocrx_word' id='word_1_314' title='bbox 520 3398 542 3442; x_wconf 89' lang='lat' dir='ltr'><strong>l.</strong></span> <span class='ocrx_word' id='word_1_315' title='bbox 560 3401 587 3443; x_wconf 87' lang='lat' dir='ltr'><strong>et</strong></span> <span class='ocrx_word' id='word_1_316' title='bbox 599 3395 696 3444; x_wconf 87' lang='lat' dir='ltr'><strong>Medic.</strong></span> <span class='ocrx_word' id='word_1_317' title='bbox 713 3401 738 3445; x_wconf 80' lang='lat'><strong>2.</strong></span> <span class='ocrx_word' id='word_1_318' title='bbox 753 3396 901 3455; x_wconf 69' lang='lat' dir='ltr'><strong>majoratum</strong></span> <span class='ocrx_word' id='word_1_319' title='bbox 920 3395 994 3444; x_wconf 85' lang='lat' dir='ltr'><strong>Harl.</strong></span> <span class='ocrx_word' id='word_1_320' title='bbox 1014 3401 1041 3442; x_wconf 88' lang='lat' dir='ltr'><strong>et</strong></span> <span class='ocrx_word' id='word_1_321' title='bbox 1058 3393 1158 3442; x_wconf 85' lang='lat' dir='ltr'><strong>Medic.</strong></span> <span class='ocrx_word' id='word_1_322' title='bbox 1175 3397 1200 3441; x_wconf 86' lang='lat'><strong>1.</strong></span> <span class='ocrx_word' id='word_1_323' title='bbox 1232 3392 1342 3456; x_wconf 76' lang='lat' dir='ltr'><strong>‘ltaque</strong></span> <span class='ocrx_word' id='word_1_324' title='bbox 1361 3406 1419 3440; x_wconf 88' lang='lat' dir='ltr'><strong>cum</strong></span> 
     </span>
     <span class='ocr_line' id='line_1_35' title="bbox 329 3456 1420 3524; baseline -0.003 -18"><span class='ocrx_word' id='word_1_325' title='bbox 329 3459 382 3506; x_wconf 85' lang='lat' dir='ltr'><strong>t&#39;ere</strong></span> <span class='ocrx_word' id='word_1_326' title='bbox 395 3471 482 3506; x_wconf 87' lang='lat' dir='ltr'><strong>omnes</strong></span> <span class='ocrx_word' id='word_1_327' title='bbox 495 3457 637 3507; x_wconf 84' lang='lat' dir='ltr'><strong>codieereo</strong></span> <span class='ocrx_word' id='word_1_328' title='bbox 650 3474 757 3520; x_wconf 78' lang='lat' dir='ltr'><strong>vergere</strong></span> <span class='ocrx_word' id='word_1_329' title='bbox 774 3461 956 3524; x_wconf 78' lang='lat' dir='ltr'><strong>intelligerem,</strong></span> <span class='ocrx_word' id='word_1_330' title='bbox 974 3459 1112 3508; x_wconf 88' lang='lat' dir='ltr'><strong>obsecutus</strong></span> <span class='ocrx_word' id='word_1_331' title='bbox 1131 3456 1270 3506; x_wconf 74' lang='lat' dir='ltr'><strong>Perizonio</strong></span> <span class='ocrx_word' id='word_1_332' title='bbox 1289 3464 1317 3505; x_wconf 86' lang='lat' dir='ltr'><strong>nt</strong></span> <span class='ocrx_word' id='word_1_333' title='bbox 1334 3469 1420 3504; x_wconf 83' lang='lat' dir='ltr'><strong>esnen-</strong></span> 
     </span>
     <span class='ocr_line' id='line_1_36' title="bbox 329 3519 1421 3588; baseline -0.003 -18"><span class='ocrx_word' id='word_1_334' title='bbox 329 3522 437 3570; x_wconf 87' lang='lat' dir='ltr'><strong>dsretur</strong></span> <span class='ocrx_word' id='word_1_335' title='bbox 449 3522 598 3585; x_wconf 83' lang='lat' dir='ltr'><strong>postulanti,</strong></span> <span class='ocrx_word' id='word_1_336' title='bbox 609 3521 750 3583; x_wconf 78' lang='lat' dir='ltr'><strong>formatam,</strong></span> <span class='ocrx_word' id='word_1_337' title='bbox 766 3524 792 3573; x_wconf 94' lang='lat' dir='ltr'><strong>id</strong></span> <span class='ocrx_word' id='word_1_338' title='bbox 803 3529 871 3588; x_wconf 91' lang='lat' dir='ltr'><strong>quod</strong></span> <span class='ocrx_word' id='word_1_339' title='bbox 884 3525 945 3573; x_wconf 83' lang='lat' dir='ltr'><strong>satis</strong></span> <span class='ocrx_word' id='word_1_340' title='bbox 957 3525 1045 3573; x_wconf 87' lang='lat' dir='ltr'><strong>moltis</strong></span> <span class='ocrx_word' id='word_1_341' title='bbox 1054 3521 1178 3584; x_wconf 85' lang='lat' dir='ltr'><strong>exemplis</strong></span> <span class='ocrx_word' id='word_1_342' title='bbox 1189 3522 1246 3582; x_wconf 84' lang='lat' dir='ltr'><strong>ipse</strong></span> <span class='ocrx_word' id='word_1_343' title='bbox 1256 3519 1421 3569; x_wconf 84' lang='lat' dir='ltr'><strong>confirmasse</strong></span> 
     </span>
     <span class='ocr_line' id='line_1_37' title="bbox 330 3585 1423 3650; baseline -0.002 -16"><span class='ocrx_word' id='word_1_344' title='bbox 330 3585 442 3643; x_wconf 85' lang='lat' dir='ltr'><strong>ridetur,</strong></span> <span class='ocrx_word' id='word_1_345' title='bbox 459 3585 577 3639; x_wconf 81' lang='lat' dir='ltr'><strong>restitut’</strong></span> <span class='ocrx_word' id='word_1_346' title='bbox 598 3587 696 3636; x_wconf 73' lang='lat' dir='ltr'><strong>Turres.</strong></span> <span class='ocrx_word' id='word_1_347' title='bbox 731 3585 813 3638; x_wconf 80' lang='lat' dir='ltr'><strong>Aldus</strong></span> <span class='ocrx_word' id='word_1_348' title='bbox 832 3588 906 3639; x_wconf 87' lang='lat' dir='ltr'><strong>dedit</strong></span> <span class='ocrx_word' id='word_1_349' title='bbox 922 3593 1040 3647; x_wconf 74' lang='lat' dir='ltr'><strong>moutam,</strong></span> <span class='ocrx_word' id='word_1_350' title='bbox 1062 3600 1170 3650; x_wconf 82' lang='lat' dir='ltr'><strong>eumque</strong></span> <span class='ocrx_word' id='word_1_351' title='bbox 1192 3585 1237 3634; x_wconf 79' lang='lat' dir='ltr'><strong>alii</strong></span> <span class='ocrx_word' id='word_1_352' title='bbox 1256 3585 1341 3636; x_wconf 85' lang='lat' dir='ltr'><strong>secuti</strong></span> <span class='ocrx_word' id='word_1_353' title='bbox 1361 3591 1423 3633; x_wconf 86' lang='lat' dir='ltr'><strong>sunt</strong></span> 
     </span>
    </p>
   </div>
   <div class='ocr_carea' id='block_1_7' title="bbox 822 3733 930 3783">
    <p class='ocr_par' dir='ltr' id='par_1_7' title="bbox 822 3733 930 3783">
     <span class='ocr_line' id='line_1_38' title="bbox 822 3733 930 3783; baseline 0 -1"><span class='ocrx_word' id='word_1_354' title='bbox 822 3733 930 3783; x_wconf 81' lang='lat' dir='ltr'>NOTAE</span> 
     </span>
    </p>
   </div>
   <div class='ocr_carea' id='block_1_8' title="bbox 331 3825 1426 4267">
    <p class='ocr_par' dir='ltr' id='par_1_8' title="bbox 331 3825 1426 4267">
     <span class='ocr_line' id='line_1_39' title="bbox 363 3825 1422 3892; baseline -0.003 -13"><span class='ocrx_word' id='word_1_355' title='bbox 363 3827 521 3892; x_wconf 69' lang='lat' dir='ltr'><strong>rHusnibsQ</strong></span> <span class='ocrx_word' id='word_1_356' title='bbox 537 3827 626 3877; x_wconf 82' lang='lat' dir='ltr'><strong>Senior</strong></span> <span class='ocrx_word' id='word_1_357' title='bbox 637 3827 733 3880; x_wconf 90' lang='lat' dir='ltr'><strong>dicitur</strong></span> <span class='ocrx_word' id='word_1_358' title='bbox 744 3829 777 3880; x_wconf 82' lang='lat' dir='ltr'><strong>sb</strong></span> <span class='ocrx_word' id='word_1_359' title='bbox 788 3829 854 3880; x_wconf 90' lang='lat' dir='ltr'><strong>Oro·</strong></span> <span class='ocrx_word' id='word_1_360' title='bbox 895 3829 1011 3889; x_wconf 67' lang='lat' dir='ltr'><strong>zonam</strong></span> <span class='ocrx_word' id='word_1_361' title='bbox 1029 3827 1118 3890; x_wconf 85' lang='lat' dir='ltr'><strong>sicque</strong></span> <span class='ocrx_word' id='word_1_362' title='bbox 1138 3839 1240 3889; x_wconf 85' lang='lat' dir='ltr'><strong>poensm</strong></span> <span class='ocrx_word' id='word_1_363' title='bbox 1260 3826 1343 3876; x_wconf 88' lang='lat' dir='ltr'><strong>crucis</strong></span> <span class='ocrx_word' id='word_1_364' title='bbox 1360 3825 1422 3876; x_wconf 80' lang='lat' dir='ltr'><strong>etio·</strong></span> 
     </span>
     <span class='ocr_line' id='line_1_40' title="bbox 332 3901 1424 3972; baseline -0.005 -13"><span class='ocrx_word' id='word_1_365' title='bbox 332 3911 378 3972; x_wconf 92' lang='lat' dir='ltr'><strong>sio,</strong></span> <span class='ocrx_word' id='word_1_366' title='bbox 395 3906 516 3959; x_wconf 86' lang='lat' dir='ltr'><strong>Gisconis</strong></span> <span class='ocrx_word' id='word_1_367' title='bbox 530 3901 596 3954; x_wconf 85' lang='lat' dir='ltr'><strong>filius</strong></span> <span class='ocrx_word' id='word_1_368' title='bbox 613 3919 627 3954; x_wconf 79' lang='lat' dir='ltr'><strong>e</strong></span> <span class='ocrx_word' id='word_1_369' title='bbox 643 3905 752 3970; x_wconf 74' lang='lat' dir='ltr'><strong>Polybio</strong></span> <span class='ocrx_word' id='word_1_370' title='bbox 768 3912 797 3955; x_wconf 89' lang='lat' dir='ltr'><strong>et</strong></span> <span class='ocrx_word' id='word_1_371' title='bbox 807 3906 856 3956; x_wconf 87' lang='lat' dir='ltr'><strong>Zo·</strong></span> <span class='ocrx_word' id='word_1_372' title='bbox 896 3907 951 3971; x_wconf 74' lang='lat' dir='ltr'><strong>git:</strong></span> <span class='ocrx_word' id='word_1_373' title='bbox 970 3903 1063 3970; x_wconf 89' lang='lat' dir='ltr'><strong>puduit</strong></span> <span class='ocrx_word' id='word_1_374' title='bbox 1074 3903 1142 3952; x_wconf 85' lang='lat' dir='ltr'><strong>enim</strong></span> <span class='ocrx_word' id='word_1_375' title='bbox 1159 3903 1260 3968; x_wconf 84' lang='lat' dir='ltr'><strong>punire,</strong></span> <span class='ocrx_word' id='word_1_376' title='bbox 1278 3905 1345 3967; x_wconf 90' lang='lat' dir='ltr'><strong>quod</strong></span> <span class='ocrx_word' id='word_1_377' title='bbox 1363 3905 1424 3966; x_wconf 87' lang='lat' dir='ltr'><strong>ipsis</strong></span> 
     </span>
     <span class='ocr_line' id='line_1_41' title="bbox 331 3977 1423 4044; baseline -0.004 -10"><span class='ocrx_word' id='word_1_378' title='bbox 331 4001 403 4035; x_wconf 83' lang='lat' dir='ltr'><strong>nara.</strong></span> <span class='ocrx_word' id='word_1_379' title='bbox 435 3985 494 4032; x_wconf 87' lang='lat' dir='ltr'><strong>Non</strong></span> <span class='ocrx_word' id='word_1_380' title='bbox 507 3981 709 4044; x_wconf 77' lang='lat' dir='ltr'><strong>Hannibali,sed</strong></span> <span class='ocrx_word' id='word_1_381' title='bbox 718 3982 858 4032; x_wconf 83' lang='lat' dir='ltr'><strong>Himilconi</strong></span> <span class='ocrx_word' id='word_1_382' title='bbox 898 3982 1044 4032; x_wconf 84' lang='lat' dir='ltr'><strong>auctoribus</strong></span> <span class='ocrx_word' id='word_1_383' title='bbox 1055 3979 1151 4030; x_wconf 81' lang='lat' dir='ltr'><strong>fuctum</strong></span> <span class='ocrx_word' id='word_1_384' title='bbox 1162 3984 1239 4027; x_wconf 81' lang='lat' dir='ltr'><strong>esset.</strong></span> <span class='ocrx_word' id='word_1_385' title='bbox 1261 3977 1423 4041; x_wconf 71' lang='lat' dir='ltr'><strong>Abrogstom</strong></span> 
     </span>
     <span class='ocr_line' id='line_1_42' title="bbox 334 4056 1426 4121; baseline -0.003 -11"><span class='ocrx_word' id='word_1_386' title='bbox 334 4059 360 4110; x_wconf 87' lang='lat' dir='ltr'><strong>id</strong></span> <span class='ocrx_word' id='word_1_387' title='bbox 373 4056 464 4108; x_wconf 86' lang='lat' dir='ltr'><strong>tribuit</strong></span> <span class='ocrx_word' id='word_1_388' title='bbox 476 4057 595 4106; x_wconf 83' lang='lat' dir='ltr'><strong>Aurelius</strong></span> <span class='ocrx_word' id='word_1_389' title='bbox 606 4058 705 4107; x_wconf 88' lang='lat' dir='ltr'><strong>Victor.</strong></span> <span class='ocrx_word' id='word_1_390' title='bbox 898 4066 985 4108; x_wconf 77' lang='lat' dir='ltr'><strong>tamen</strong></span> <span class='ocrx_word' id='word_1_391' title='bbox 1005 4057 1043 4105; x_wconf 90' lang='lat' dir='ltr'><strong>illi</strong></span> <span class='ocrx_word' id='word_1_392' title='bbox 1062 4056 1206 4121; x_wconf 89' lang='lat' dir='ltr'><strong>imperium,</strong></span> <span class='ocrx_word' id='word_1_393' title='bbox 1228 4059 1256 4102; x_wconf 89' lang='lat' dir='ltr'><strong>ut</strong></span> <span class='ocrx_word' id='word_1_394' title='bbox 1275 4061 1365 4105; x_wconf 78' lang='lat' dir='ltr'><strong>ructor</strong></span> <span class='ocrx_word' id='word_1_395' title='bbox 1384 4065 1426 4107; x_wconf 80' lang='lat' dir='ltr'><strong>est</strong></span> 
     </span>
     <span class='ocr_line' id='line_1_43' title="bbox 365 4131 1021 4194; baseline -0.002 -15"><span class='ocrx_word' id='word_1_396' title='bbox 365 4141 376 4166; x_wconf 79' lang='lat'><strong>¹</strong></span> <span class='ocrx_word' id='word_1_397' title='bbox 388 4131 508 4188; x_wconf 81' lang='lat' dir='ltr'><strong>stsdnm</strong></span> <span class='ocrx_word' id='word_1_398' title='bbox 518 4144 549 4178; x_wconf 75' lang='lat' dir='ltr'><strong>ex</strong></span> <span class='ocrx_word' id='word_1_399' title='bbox 558 4131 652 4192; x_wconf 50' lang='lat' dir='ltr'><strong>officis]</strong></span> <span class='ocrx_word' id='word_1_400' title='bbox 668 4132 731 4194; x_wconf 86' lang='lat' dir='ltr'><strong>lpse</strong></span> <span class='ocrx_word' id='word_1_401' title='bbox 742 4135 800 4192; x_wconf 85' lang='lat' dir='ltr'><strong>post</strong></span> <span class='ocrx_word' id='word_1_402' title='bbox 809 4131 860 4179; x_wconf 82' lang='lat' dir='ltr'><strong>els-</strong></span> <span class='ocrx_word' id='word_1_403' title='bbox 899 4133 1021 4182; x_wconf 81' lang='lat' dir='ltr'><strong>Zortssss.</strong></span> 
     </span>
     <span class='ocr_line' id='line_1_44' title="bbox 334 4203 860 4267; baseline 0.002 -13"><span class='ocrx_word' id='word_1_404' title='bbox 334 4211 392 4262; x_wconf 64' lang='lat' dir='ltr'><strong>dem</strong></span> <span class='ocrx_word' id='word_1_405' title='bbox 404 4203 585 4266; x_wconf 73' lang='lat' dir='ltr'><strong>Carthaginem</strong></span> <span class='ocrx_word' id='word_1_406' title='bbox 597 4205 677 4267; x_wconf 80' lang='lat' dir='ltr'><strong>venit,</strong></span> <span class='ocrx_word' id='word_1_407' title='bbox 692 4221 724 4254; x_wconf 81' lang='lat' dir='ltr'><strong>ex</strong></span> <span class='ocrx_word' id='word_1_408' title='bbox 735 4205 820 4255; x_wconf 88' lang='lat' dir='ltr'><strong>Plinio</strong></span> <span class='ocrx_word' id='word_1_409' title='bbox 832 4213 860 4256; x_wconf 91' lang='lat' dir='ltr'><strong>et</strong></span> 
     </span>
    </p>
   </div>
   <div class='ocr_carea' id='block_1_9' title="bbox 0 0 1654 5110">
    <p class='ocr_par' dir='ltr' id='par_1_9' title="bbox 0 0 1654 5110">
     <span class='ocr_line' id='line_1_45' title="bbox 0 0 1654 5110; baseline 0 0"><span class='ocrx_word' id='word_1_410' title='bbox 0 0 1654 5110; x_wconf 95' lang='lat' dir='ltr'><strong> </strong></span> 
     </span>
    </p>
   </div>
  </div>
 </body>
</html>
