3230 5110
289 428 354 494 716
580 437 735 486 utuntur
760 435 905 485 nentur
931 436 1002 484 nrn.
1025 435 1091 484 vtr.

291 587 433 654 ferventi
454 583 625 647 resolutas
646 595 746 666 aquo,
760 581 914 647 mandere
928 579 1106 644 voluisti.¹⁸
1151 578 1244 658 Quid
1260 579 1341 658 iuis,
1356 581 1386 646 si

294 688 511 755 acerbitatem
534 703 633 750 casus
656 685 817 761 intueare,
830 682 1009 746 miseriusl
1032 681 1062 746 si
1086 683 1311 746 constantiam
1337 703 1387 746 re·

295 789 435 874 spicios,
446 787 597 850 tidelioei
620 787 735 869 quine
750 784 1222 860 oRomenisdescisoerent,¹⁹
1243 784 1303 847 toli
1318 785 1387 848 cibi

295 909 413 975 genere
426 891 476 953 nti
492 889 732 968 sustinuerunt3
755 905 831 951 oum
846 885 1069 969 pinguissima
1078 903 1161 948 arva
1175 903 1239 949 sua
1252 884 1388 950 fertilis·

295 995 464 1075 trimosque
492 1009 631 1073 campos
668 991 834 1054 moenibus
868 988 938 1052 suis
965 986 1139 1068 subjectos
1176 986 1388 1050 intuerentur.

296 1095 417 1176 ltaque
439 1091 621 1173 Campanae
645 1087 761 1168 orbiu,¹
783 1109 859 1173 quoe
885 1089 1048 1152 Punicum
1074 1088 1235 1153 feritatem
1258 1088 1389 1151 deliciis

297 1195 369 1260 suis
391 1192 514 1276 cupide
527 1199 555 1230 ²⁰
576 1193 673 1271 fovit,
688 1193 723 1256 in
747 1191 939 1275 propinquo
959 1191 1060 1254 situm
1079 1190 1274 1264 Cosilinum,
1289 1189 1390 1252 modo

295 1314 370 1360 rara
398 1295 522 1358 virtute
550 1293 735 1371 olorum?²¹
764 1293 1010 1375 perseverantis
1040 1292 1229 1356 amicitiae¹²
1253 1293 1390 1374 pignore

296 1397 421 1479 impios
437 1395 559 1460 oculos
573 1397 782 1460 verberavit.t

339 1499 372 1563 3.
396 1497 435 1562 Iu
451 1498 511 1562 illa
526 1497 699 1561 obsidione
714 1504 748 1561 et
762 1495 828 1561 fide
840 1515 916 1560 oum
931 1496 1069 1560 trecenti
1080 1495 1295 1559 Prueuestinil
1317 1514 1393 1577 per·

298 1605 478 1676 monerent,
493 1599 604 1664 evenit
616 1605 654 1664 ut
668 1619 711 1662 ex
726 1599 778 1662 his
798 1583 933 1680 uuidam
948 1613 1073 1661 murem
1089 1603 1225 1679 captum
1240 1595 1393 1660 ducentis

300 1702 412 1785 potius
424 1699 572 1764 donariis
582 1706 631 1738 ¹²⁰
653 1699 806 1777 vendere,
819 1717 922 1782 quam
942 1700 1016 1781 ipse
1031 1697 1195 1762 leniendae
1209 1696 1308 1761 samis
1323 1715 1396 1780 gra·

334 1876 345 1909 ⁶
355 1879 437 1944 ltaque
447 1881 587 1943 Casilinum,
597 1897 659 1932 raro
667 1882 764 1931 mutis
771 1883 877 1942 exermis
887 1881 988 1940 illustre,
996 1880 1080 1945 fidelis
1094 1880 1206 1930 minima
1219 1879 1393 1944 memet·

300 1941 419 2068 mm
428 1946 578 2010 exprobrauit
592 1947 767 2010 Cupreoeoieioo
777 1944 830 1995 erbe·
843 1945 986 2008 Campania,
1004 1961 1057 2008 qnee
1067 1945 1159 1994 deliciis
1169 1945 1218 1993 suis
1230 1946 1315 1994 Poenoe
1327 1944 1392 2006 sero·

769 2086 944 2109 ”comnenae

304 2185 350 2235 mis
362 2186 437 2236 codd.
448 2191 471 2236 te
481 2187 570 2236 scilieet
582 2200 628 2250 pro
639 2186 726 2250 volgg.
738 2188 773 2236 ita
783 2186 995 2236 entem-tetre
1006 2185 1085 2236 Aldd.
1100 2185 1183 2235 colio.
1195 2186 1297 2249 Grypb.
1305 2186 1396 2252 Steplr.

304 2250 380 2312 Pigh.
401 2257 448 2298 dec.
481 2251 585 2315 Guyeto
604 2251 766 2300 scribendum
784 2251 905 2300 ridetur:
922 2251 988 2298 ldern
1005 2249 1054 2313 (sc.
1075 2251 1198 2306 Senatus)
1211 2251 1397 2302 Casilinates...

301 2315 410 2361 muntem
426 2315 507 2361 missit.
540 2314 697 2364 ‘Nesciebat
709 2315 831 2364 videlieet
843 2313 1024 2379 Apostropbeu
1037 2313 1070 2362 nd
1082 2316 1263 2364 necessitatem
1276 2329 1333 2366 esse
1344 2314 1400 2366 t'ne·

305 2383 373 2426 turn:
392 2382 418 2424 et
429 2383 542 2425 senatum
555 2377 695 2428 Romnuum
708 2378 756 2427 boo
767 2380 879 2428 voluisse
891 2379 994 2427 omniuo
1005 2377 1098 2428 falsum
1109 2385 1158 2427 est.
1183 2379 1304 2429 Ceterum
1318 2387 1399 2430 totum

304 2441 370 2500 haue
382 2438 517 2501 periodum
529 2441 593 2488 Mer.
620 2441 694 2489 Harl.
711 2443 775 2504 Cup.
787 2443 840 2490 Bit.
853 2443 928 2506 prim.
945 2441 1016 2490 bled.
1035 2443 1109 2504 prim.
1122 2442 1194 2492 Leid.
1213 2445 1287 2506 prim.
1304 2453 1333 2492 et
1349 2459 1401 2493 sec.

305 2505 343 2554 ita
357 2505 532 2554 constituente
549 2505 638 2553 Eadem
659 2505 803 2555 Casilinates·
822 2507 941 2554 obsidione
960 2505 1084 2554 Annibalis
1102 2506 1183 2566 elensi,
1196 2507 1402 2571 alimentorumque

300 2569 418 2628 seminate
428 2568 524 2628 defecti,
536 2569 586 2617 lora
597 2569 742 2630 necessariis,
751 2571 792 2631 ie.
803 2568 918 2619 voluistis.
951 2569 1003 2618 Sed
1016 2567 1088 2618 Med.
1104 2577 1131 2618 et
1147 2570 1226 2619 Barb.
1247 2570 1322 2633 prim.
1342 2585 1401 2621 cunt

307 2634 372 2696 Cop.
383 2641 528 2695 praeteren:
545 2635 625 2681 eudem
635 2633 701 2682 clude
713 2633 871 2682 Casilinates.-
888 2632 965 2682 Both.
985 2633 1060 2695 prim.
1073 2634 1137 2696 Cop.
1150 2633 1223 2684 Heri.
1242 2635 1338 2699 Ultmj.
1349 2649 1401 2686 nee.

306 2699 463 2753 manducare,-
482 2696 554 2746 leid.
563 2710 615 2745 sec.
626 2697 765 2746 mluireetie.
790 2694 909 2746 Praefero
920 2695 1058 2747 lectionem
1069 2697 1223 2761 Pighianam
1235 2699 1404 2762 multomagis

308 2761 404 2810 Valerii
422 2761 498 2823 genio
518 2766 730 2810 consentaneam:
748 2767 775 2809 et
787 2775 837 2809 uon
855 2761 917 2809 sotis
936 2768 1007 2810 recte
1019 2762 1162 2811 Casilinates
1173 2761 1296 2813 dicontur
1307 2765 1405 2813 noluisse

306 2825 350 2874 illo
370 2826 487 2885 mandere,
502 2825 545 2888 qui
563 2838 682 2887 supremo
701 2825 826 2888 compulsi
842 2825 1000 2874 necessitate
1018 2825 1045 2874 id
1063 2825 1249 2886 secernuntur
1262 2829 1328 2876 bene
1341 2828 1405 2876 illud

309 2888 433 2938 tribuitur
445 2889 594 2938 necessitati
604 2902 652 2952 per
663 2889 887 2952 prosopopoeiam!
905 2889 1001 2940 Temen.
1023 2889 1199 2952 Prosueulinle
1210 2891 1311 2938 Damio
1323 2906 1405 2953 marg.

302 2952 500 3011 facilitate-19
517 2952 591 3004 Lern.
603 2959 627 3004 b.
639 2953 736 3016 Ultrnj.
754 2956 776 3002 1.
793 2957 817 3000 2.
834 2961 862 3003 et
873 2953 933 3003 Vet.
951 2955 1092 3003 ‹temler-ene
1101 2969 1111 3011 ,·
1129 2954 1203 3003 llnrl.
1219 2955 1407 3002 discederent.-

309 3021 342 3070 20
360 3016 443 3067 Codd.
463 3017 570 3066 Torren.
617 3017 659 3066 niu
680 3031 711 3065 us
735 3016 830 3078 cepido,
852 3023 882 3066 ut
903 3017 1039 3080 legebatur
1069 3024 1130 3066 ente
1151 3015 1343 3078 Pighium.—2l
1361 3017 1406 3068 Sic

310 3081 419 3145 Pighius
430 3095 463 3130 ex
475 3081 577 3131 Winek.
590 3032 648 3131 gol.
657 3031 716 3130 gns.
733 3086 760 3128 et
772 3080 856 3128 Pulm.
868 3078 961 3128 edidit.
993 3078 1133 3144 Hebetque
1156 3080 1193 3129 ita
1211 3080 1321 3143 Herbip.
1333 3082 1407 3140 innodo

310 3162 391 3196 ruram
402 3154 442 3197 est
452 3147 478 3195 in
489 3147 580 3208 camp.
593 3145 698 3194 Gembl.
709 3143 802 3193 Atreb.
813 3143 876 3206 Cep.
889 3149 999 3254 utrogue
1011 3143 1083 3191 Med.
1095 3144 1170 3193 llari.
1179 3145 1232 3194 Bit.
1244 3145 1323 3195 liarb.
1334 3145 1408 3197 Leid.

311 3211 380 3259 Ultr.
400 3225 453 3258 sec.
469 3217 497 3257 et
512 3211 573 3257 Vet.
593 3209 737 3256 moderatum
754 3209 865 3272 quinque
884 3207 947 3255 Leid
969 3242 976 3256 .
992 3207 1087 3273 Ultrej.
1103 3211 1127 3257 l.
1145 3216 1173 3258 et
1189 3207 1255 3258 forte
1267 3209 1365 3260 cium.
1381 3219 1410 3261 et

311 3271 408 3321 Brund.
421 3285 531 3320 necnon
544 3269 678 3321 eddrett.
691 3272 841 3321 Perizonius
858 3272 926 3334 conj.
940 3271 1072 3320 Cosilinum
1087 3273 1207 3321 contrario
1224 3289 1247 3324 o.
1263 3288 1285 3325 o.
1301 3275 1408 3326 Torreu.

311 3349 375 3385 vero
389 3335 519 3384 Casilinum
529 3333 661 3384 roboretum
671 3337 770 3398 uirtute,
780 3337 869 3385 olorum
883 3337 1064 3399 perseuerantis,
1075 3340 1116 3400 te.
1150 3337 1268 3402 Keppios
1279 3339 1410 3403 vulgatum

313 3397 431 3463 prefert,
442 3398 516 3447 etsie
527 3398 701 3462 interpuogitr
721 3402 749 3448 C.
762 3403 916 3463 medantum,
931 3399 961 3464 (i.
979 3414 1003 3450 e.
1017 3399 1185 3464 modestunr,)
1205 3403 1294 3453 uirtute
1311 3407 1409 3466 clarnos,

311 3461 544 3527 persevermtiutpe.
569 3463 698 3528 Ultraj.l.
709 3463 789 3514 hebet
809 3467 954 3530 prknmpro
964 3465 1136 3529 pignores-m
1154 3466 1197 3518 its
1205 3468 1283 3518 etium
1292 3468 1411 3520 Frontin.

812 3588 922 3640 Nom

348 3681 355 3715 ¹
368 3681 494 3744 Campano
503 3679 580 3743 erbis]
599 3680 706 3747 Capuae,
717 3683 792 3748 enjus
802 3684 847 3734 de·
887 3684 996 3749 potitus.

315 3759 382 3810 liciis
394 3756 478 3807 fructa
490 3756 643 3808 Hannibalis
656 3759 738 3808 virtus
749 3767 798 3810 ert.
920 3766 931 3814 t
943 3761 994 3812 nn.
1004 3762 1043 3814 Μ.
1052 3765 1126 3813 3818.
1144 3761 1188 3812 01.
1201 3766 1292 3812 141.1.
1310 3763 1374 3814 Urb.
1385 3763 1415 3814 G·

350 3843 367 3869 Ν
380 3832 557 3884 Perseverontie
572 3832 698 3897 amicitia]
725 3833 791 3884 Cum
814 3834 847 3886 ad
887 3841 945 3888 titt.
963 3837 1026 3888 Ant.
1037 3838 1084 3888 Cb·
1094 3842 1152 3888 ute.

317 3927 403 3962 muros
424 3925 499 3975 repes
516 3909 693 3974 seminassent,
716 3909 847 3962 Hannibal
919 3913 1052 3962 “lbeomti
1064 3912 1218 3975 Pranestinr]
1236 3917 1292 3962 541).
1308 3911 1414 3972 strubo;

319 3985 414 4034 dixisse
425 3984 525 4037 fertur:
542 3986 550 4013 ‘
562 3983 643 4048 Eone,
652 3999 733 4050 usque
744 3986 805 4036 dutn
817 4000 849 4036 en
888 3993 945 4040 570.
963 3987 1052 4037 Livius
1064 3994 1192 4036 numerat.

319 4066 470 4120 nascautur,
497 4059 531 4109 ad
559 4059 710 4110 Consilinum
732 4075 848 4110 sessuros
920 4059 1268 4122 ⁰Dueentiepotinsdeneriis]
1283 4059 1417 4114 ltaetinm

321 4132 411 4183 sunri'
430 4147 569 4196 eorumque
588 4142 850 4198 permotuseonston·
889 4135 1044 4188 Frontinus:
1071 4133 1164 4184 Suebo
1186 4134 1304 4186 ducentis
1326 4136 1418 4188 drneb·

321 4211 367 4272 tio,
387 4205 420 4256 de
440 4207 579 4257 liberorum
600 4211 714 4272 cupitum
732 4209 851 4273 redemp-
891 4211 948 4272 mis,
965 4207 1063 4258 Plinius
1071 4207 1190 4260 ducentis
1203 4211 1313 4264 nummis
1321 4219 1417 4264 eurtum

321 4289 391 4337 done
403 4284 444 4349 ogi
455 4295 545 4347 passos
559 4289 608 4345 est,
618 4290 645 4332 et
656 4283 719 4333 data
728 4281 778 4334 fide
789 4284 851 4336 urbe
892 4299 990 4337 murem
1001 4292 1135 4336 memoret.
