3180 5120
314 364 380 432 898
607 378 762 430 vanarn
789 378 941 428 anxrnr
968 379 1041 430 nro.
1059 381 1116 430 rx.

314 523 486 610 Hispania
508 543 686 608 oppresso,
715 521 877 607 populum
903 523 938 590 in
964 523 1071 588 hortis
1096 523 1166 588 suis
1197 524 1401 607 admisisset,

314 628 466 712 proximo
481 624 733 690 intercolumnio
746 642 842 708 paene
856 624 930 707 pari
949 624 1062 692 studio
1075 624 1270 710 frequentiae
1282 635 1292 676 ¹
1316 627 1405 694 sno

313 735 404 794 tatus
417 729 494 792 est!
534 724 637 804 Quod
659 726 721 789 nisi
737 724 862 790 divinae
884 725 1032 791 caesaris
1054 727 1142 792 vires
1165 727 1245 792 huic
1268 731 1406 795 erubes-

313 827 426 893 cendae
447 825 607 910 procella
630 825 854 904 obstitissent,
868 826 977 892 simile
991 827 1112 893 vulnus
1135 830 1331 911 respublica
1345 851 1404 896 ex·

312 928 467 1016 cepisset,
496 935 596 1010 atque
625 926 660 990 in
684 926 822 1010 Equitio
850 932 1039 1012 acceperat.
1086 929 1241 995 Ceterum
1267 929 1405 996 decreto

311 1027 385 1111 ejus
399 1035 497 1094 extra
519 1028 658 1094 Italiam
678 1029 852 1112 relegatus,
867 1035 1048 1113 postquam
1072 1029 1130 1094 ills
1144 1031 1232 1096 coeio
1246 1039 1402 1114 receptus

310 1135 375 1206 est,
389 1128 424 1194 in
444 1131 559 1194 urbem
580 1128 690 1208 rediit,
704 1137 738 1196 ct
762 1130 937 1196 consilium
958 1129 1171 1196 interficiendi
1193 1137 1329 1196 senatus
1343 1151 1402 1196 ce·

309 1247 390 1312 pere
405 1231 574 1296 sustinuit.
618 1230 699 1310 Quo
714 1230 847 1298 nomine
862 1233 960 1317 iussn
975 1237 1108 1316 potrum
1121 1239 1262 1296 necatus
1279 1233 1314 1296 in
1328 1252 1400 1298 car-

309 1349 396 1409 cere,
410 1350 504 1398 seras
517 1335 636 1417 promti
651 1334 750 1399 animi
767 1334 809 1399 ad
825 1353 921 1400 omne
942 1334 1140 1400 moliendum
1156 1333 1269 1398 scelus
1281 1353 1402 1416 poenes

307 1431 491 1515 pependit.i

350 1532 383 1597 2.
405 1532 480 1598 Nec
504 1534 587 1599 Divi
612 1534 745 1616 quidem
761 1531 906 1618 Augusti
928 1536 1113 1601 etiamnum
1133 1539 1237 1599 terras
1261 1535 1401 1618 regentis

306 1633 617 1698 excellentissimum
635 1653 758 1700 numen
773 1633 816 1699 ab
828 1636 892 1700 hoc
915 1636 1046 1720 injuriae
1061 1655 1177 1719 genere
1194 1635 1401 1701 intentatum.

306 1735 433 1802 Extitit
446 1737 545 1815 onim,
560 1738 644 1820 qui4
664 1741 675 1772 ‘
691 1737 885 1802 clarissimas
899 1758 941 1803 nc
956 1737 1179 1813 sanctissimae
1192 1739 1316 1803 sororis
1329 1737 1402 1822 ejus

308 1835 810 1920 Octaviaeiutercsegenitnm’
832 1839 954 1920 fingere
966 1838 1119 1904 auderet:
1142 1843 1300 1922 ‘propter
1310 1858 1399 1903 sum-

305 1955 394 2003 mam
410 1946 522 2003 autem
537 1938 819 2003 imbecillitatem⁵
842 1940 1005 2023 corporis,
1015 1939 1057 2003 ab
1068 1957 1121 2015 eo,
1133 1937 1188 2002 cui
1203 1936 1301 2000 datus
1315 1945 1398 2014 erat,

304 2040 441 2121 perinde
467 2043 568 2123 atque
592 2037 703 2122 ipsius
725 2037 827 2104 fliium
853 2043 1030 2116 retentum,
1050 2038 1203 2123 subjecto
1226 2037 1262 2101 in
1286 2039 1400 2104 iocum

305 2159 403 2202 suurn
424 2139 563 2223 proprio
586 2137 676 2204 fiiio'
698 2138 839 2205 diceret:
860 2139 1031 2217 videlicet,
1046 2145 1085 2203 ut
1108 2138 1226 2203 eodem
1249 2143 1401 2222 tempore

304 2239 510 2302 sanctissimi
532 2247 682 2320 penates,
696 2245 731 2302 et
747 2239 815 2303 veri
837 2239 1010 2320 sanguinis
1034 2239 1197 2303 momoria
1213 2238 1400 2317 spoliaren-

302 2345 363 2413 tur,
378 2344 412 2399 et
434 2336 511 2399 salsi
534 2339 669 2402 sordida
692 2339 891 2417 contagione
916 2338 1177 2417 inquinarentur.
1219 2333 1289 2397 Sed
1315 2333 1397 2398 dum

299 2435 410 2519 pionis
423 2435 636 2518 impudentiae
651 2437 745 2512 valis,
762 2437 804 2500 ad
820 2453 984 2500 summum
998 2431 1153 2497 audaciae
1175 2433 1314 2514 gradum
1328 2433 1396 2500 isr-

299 2537 381 2616 tur,⁶
401 2537 541 2621 imperio
555 2532 699 2620 Augusti
710 2555 802 2600 remo
814 2534 960 2619 publices
976 2533 1117 2598 trirems
1132 2531 1300 2599 affixus.⁵t

330 2758 343 2784 ⁶
353 2751 384 2800 la
398 2753 507 2815 prosim
522 2755 599 2816 nnn
608 2752 672 2802 ister
680 2751 739 2800 dane
748 2751 868 2799 columnus
876 2747 969 2812 potenti
974 2745 1030 2809 fere
1038 2747 1095 2812 puri
1102 2749 1325 2815 pepatisreprreatin
1333 2753 1397 2802 anla-

297 2819 1395 2944 “ffsi'i‘inmrmrrmfnenmnnrsumnnmnnn

298 2945 330 2993 sd
339 2944 446 2994 mena
454 2943 559 3008 publicus
568 2945 693 2992 mamae
705 2947 749 2991 est.

759 3080 935 3103 ΙΝΝΟΜΙΝ

299 3181 425 3232 codd-t
451 3183 550 3233 ‘Forte
564 3181 645 3232 stadio
665 3186 689 3231 et
703 3179 857 3244 frequent&
880 3178 1001 3229 Perizon.
1033 3179 1115 3229 ‘Peri
1137 3183 1217 3232 stadie
1239 3183 1392 3246 frequentia,

298 3247 413 3295 retinent
431 3245 496 3295 Mas.
514 3260 618 3296 omnes:
637 3245 704 3295 bene
715 3257 777 3295 vero
791 3243 822 3292 Pi
840 3243 906 3305 hius,
924 3243 993 3320 quod
1004 3243 1261 3306 rescdpsitisiortis
1269 3249 1337 3304 uir,-
1353 3248 1391 3296 ric

299 3309 367 3356 enim
383 3309 450 3357 idas.
468 3323 518 3358 uon
536 3315 565 3359 ot
586 3311 662 3373 vulgo
678 3307 833 3358 cucumiera
852 3317 911 3359 ntur
926 3323 952 3357 rs
967 3308 1047 3357 sorte
1061 3305 1131 3357 m!
1146 3308 1303 3360 'ferrem—4
1321 3311 1388 3360 ΕΜ.

296 3377 363 3420 vett.
374 3372 518 3421 intentatam
532 3373 562 3422 nd
578 3373 621 3422 doe
635 3387 722 3435 genere
739 3373 834 3433 imario
844 3372 937 3434 estitit,
946 3385 998 3421 ant
1008 3371 1111 3434 quiens,
1121 3373 1162 3434 dfe.
1178 3369 1315 3436 ‘Pieriqne
1325 3373 1388 3421 Mas.

297 3433 422 3482 emittunt
432 3449 494 3495 um,
505 3442 533 3484 et
545 3449 591 3498 pro
599 3437 753 3500 quidun,pai
761 3436 899 3486 exhibente
911 3449 961 3484 non
969 3443 1160 3485 omuestameu.
1182 3434 1288 3484 Rectius
1298 3437 1386 3499 utiqne

297 3504 404 3561 uterque
421 3496 516 3583 Uitraj.
529 3497 602 3548 Leid.
612 3503 696 3562 quart.
706 3499 790 3563 qniut.
801 3506 829 3548 et
840 3501 911 3562 Meg.
923 3500 1075 3548 ἐπαινέω.
1092 3498 1185 3547 Extitit
1199 3499 1270 3560 eninr,
1285 3500 1333 3560 ptri,
1344 3501 1385 3562 ts.

297 3559 365 3624 qnod
377 3561 490 3622 reposui·
514 3560 612 3610 Turres.
644 3561 696 3610 Pro
717 3562 860 3612 tutentntm
880 3564 943 3611 vet.
962 3563 1151 3627 mumdum.
1177 3562 1278 3612 Deinde
1290 3563 1317 3610 iu
1334 3576 1386 3611 om·

296 3623 371 3674 uibus
382 3624 456 3675 cedd.
468 3632 496 3675 et
506 3623 566 3674 edd.
576 3630 642 3674 vett.
657 3625 794 3674 domnino
804 3641 831 3676 nr
847 3625 1020 3686 medanum
1037 3626 1083 3676 sod
1100 3625 1187 3689 rerba,
1203 3641 1231 3676 nc
1239 3625 1385 3677 mettensis

295 3689 422 3753 expunxit
438 3688 553 3752 Pighius,
573 3690 706 3740 revocavit
724 3689 923 3742 Temenion-t
941 3690 973 3739 Pi
993 3691 1049 3740 iiius
1064 3691 1157 3740 etiam:
1168 3695 1308 3755 propterea
1322 3706 1384 3740 ura·

294 3768 359 3806 m
374 3754 559 3818 indedimm
575 3753 805 3804 contraeatis-e
821 3755 907 3806 Bitor.
924 3758 949 3806 l.
975 3759 1120 3807 master
1139 3753 1213 3804 iiari.
1225 3755 1310 3806 Biton.
1321 3759 1345 3806 l.
1357 3763 1385 3806 et

783 3896 888 3949 NO'i'AE

326 4001 341 4031 “
353 4002 403 4056 Au.
413 4005 452 4055 Μ.
461 4009 535 4056 8066.
552 4003 595 4056 01.
605 4008 661 4056 ltu.
673 4009 698 4056 2.
713 4004 778 4057 Urb.
788 4005 816 4054 G
889 4010 900 4036 ⁸
917 4002 1033 4066 Oetnoid
1058 4004 1123 4056 Qun
1141 4004 1181 4052 Μ.
1192 4001 1307 4054 Antonio
1318 4018 1382 4069 nup-

292 4079 349 4126 tu.
367 4077 429 4128 Ant.
440 4081 487 4131 ch.
499 4085 541 4132 us.
857 4088 940 4130 serat:
957 4079 1003 4128 sed
1014 4078 1047 4127 ab
1057 4091 1089 4128 eo
1100 4085 1191 4143 partes
1203 4079 1349 4144 repudiata.

325 4158 337 4204 t
349 4147 399 4199 Au.
410 4153 447 4200 iii.
458 4159 533 4203 40⁰⁰.
550 4155 595 4204 oi.
607 4159 663 4205 1⁸⁸.
671 4159 697 4204 4.
715 4154 816 4205 Urnc.
889 4163 900 4216 i
914 4157 961 4206 dn.
972 4157 1010 4205 it.
1021 4159 1095 4206 4070.
1113 4157 1157 4208 Oi.
1170 4162 1226 4210 iso.
1238 4163 1262 4209 i.
1280 4159 1343 4212 uro.
1352 4160 1381 4209 C.

292 4229 348 4276 tot.
365 4223 426 4276 rint.
437 4225 484 4274 Ch.
496 4231 536 4274 ii.
856 4236 912 4282 ⁷⁶⁰.
925 4228 996 4282 Post
1006 4232 1053 4281 Ch.
1066 4236 1107 4282 lt.
1138 4293 1140 4296 Ι
