3234 5110
361 425 426 488 574
660 437 818 488 vrnnnrr
844 437 991 486 uaxrur
1018 440 1090 490 nra.
1109 441 1141 488 v.

404 585 435 649 2.
458 584 508 648 At
529 583 690 648 Seleucus
701 589 725 619 ²¹
758 581 895 664 quidem
917 599 1034 660 uxore,
1058 581 1324 650 Ariobarzancs¹
1346 594 1457 652 autem

361 685 507 751 filiosuo
524 684 754 767 Cappadociae
777 703 876 767 regno
899 687 1016 764 cessit,
1029 685 1062 747 in
1078 692 1265 769 conspectu
1280 689 1340 752 Cn.
1357 688 1456 753 Pom-

359 786 440 869 peii.
485 784 589 868 Cujus
619 803 695 850 cum
725 784 906 849 tribunal²²
932 786 1196 864 conscendisset,
1222 789 1455 872 invitatusque

361 888 404 951 ab
430 905 471 951 eo
493 885 528 948 in
552 886 659 950 curuli
683 887 765 950 salla
788 886 945 964 sedisset,
965 893 1146 970 postquam
1167 888 1272 954 filium
1293 891 1328 953 in
1351 909 1455 954 cornu

360 989 481 1052 scribae
510 986 719 1053 humiliorem
748 986 882 1051 fortuna
910 1008 973 1053 sua
999 989 1110 1052 iocum
1138 989 1345 1054 obtinentem
1375 1011 1456 1055 con·

359 1089 506 1173 spexit,²³
529 1109 595 1154 non
605 1088 766 1154 sustinuit
779 1086 865 1152 infra
876 1107 914 1153 se
925 1088 1126 1153 collocatum
1138 1089 1280 1154 intueri:
1303 1091 1364 1154 sed
1379 1110 1455 1172 pro·

360 1190 451 1254 tinus
472 1191 558 1254 salia
572 1190 751 1265 descendit,
767 1194 801 1252 et
824 1187 981 1254 diadema
1002 1191 1036 1253 in
1052 1197 1155 1273 caput
1177 1190 1251 1275 ejus
1268 1193 1454 1256 transtulit:

359 1291 547 1374 hortarique
575 1291 694 1372 coepit,
718 1295 756 1354 nt
781 1308 823 1354 ao
853 1290 1017 1366 transiret,
1041 1291 1130 1354 unda
1156 1294 1228 1374 ipsa
1252 1297 1453 1356 surrexerat.

364 1392 565 1457 Exciderunt
584 1389 739 1473 lacrymae
757 1388 889 1472 juveni,
905 1389 1075 1455 cohorruit
1096 1411 1230 1474 corpus,
1246 1393 1416 1474 dilapsum
1426 1400 1455 1440 ²⁴

358 1494 515 1558 diadema
525 1497 588 1569 est,
598 1509 662 1554 nec
674 1510 740 1574 qno
749 1489 869 1572 jussus
884 1498 967 1567 erat,
978 1490 1129 1573 progredi
1144 1493 1273 1575 potuit:
1295 1492 1452 1576 quodque

358 1613 454 1678 paene
468 1593 566 1658 fidam
582 1591 736 1656 veritatis
751 1591 899 1669 excedit,
913 1591 1013 1655 taetus
1033 1597 1115 1670 erat,
1131 1593 1189 1675 qui
1204 1611 1337 1676 regnum
1352 1593 1454 1678 depo·

357 1696 479 1773 nehat3
502 1694 619 1769 tristis,
644 1693 698 1756 cui
721 1691 874 1756 dabatur.
923 1691 997 1756 Nec
1019 1692 1126 1756 ullum
1151 1693 1251 1757 finem
1272 1702 1340 1758 tam
1361 1712 1452 1776 egra·

358 1796 448 1877 gium
464 1802 631 1859 certamen
657 1793 844 1870 habuisset,
864 1791 930 1856 nisi
953 1795 1076 1875 patriae
1090 1793 1255 1860 voluntati
1272 1795 1452 1859 auctoritas

357 1896 513 1979 Pompeii
537 1894 699 1959 affuisset.
744 1893 870 1956 Filium
892 1894 978 1957 enim
1003 1902 1038 1958 et
1067 1915 1176 1978 regem
1198 1896 1393 1979 appellavit,
1416 1905 1452 1961 et

359 1997 515 2063 diadema
530 2015 657 2062 sumere
663 1995 778 2079 jussit,
793 2002 827 2058 at
841 1996 875 2061 in
888 1995 996 2059 curuli
1011 1997 1097 2061 seila
1107 1996 1279 2061 considere
1294 1997 1429 2080 cotgttr

816 2175 994 2197 eennuoon

356 2292 425 2356 quod
436 2289 617 2353 compendiosa
627 2290 752 2352 scriptum
763 2291 839 2341 erat!
856 2290 998 2354 Kana-21
1017 2291 1080 2341 Vct.
1091 2291 1145 2340 Heu
1156 2293 1184 2340 da
1195 2290 1294 2342 Scitam
1310 2291 1374 2342 Mox
1384 2293 1450 2344 Mas.

357 2357 459 2405 omnino
483 2362 536 2402 tres
552 2355 596 2404 hie
613 2354 710 2404 hahent
725 2369 844 2415 regnum
861 2355 938 2403 etiam
950 2369 1056 2414 uorem,
1071 2370 1136 2404 unus
1155 2361 1182 2403 et
1193 2356 1274 2405 alter:
1292 2361 1370 2406 nutem
1391 2366 1450 2420 port

356 2419 528 2468 Ariobarzanes
543 2419 568 2466 in
592 2418 677 2466 ruuitia
709 2425 774 2467 autt.
806 2417 873 2468 Edd.
899 2417 951 2468 fnit
970 2420 1105 2480 omissum
1129 2427 1222 2468 contra
1244 2419 1309 2468 hiat.
1331 2419 1449 2472 fidem.-

356 2487 389 2532 22
408 2483 483 2542 Cuius
501 2497 552 2530 cara
571 2483 620 2542 ipae
636 2481 739 2530 tribunat
751 2481 829 2531 Aidd.
850 2483 933 2533 Cotin.
945 2483 1045 2547 Gryph.
1065 2491 1092 2532 et
1113 2483 1202 2546 steph.
1226 2483 1336 2548 Pighius
1351 2484 1380 2532 rt
1399 2487 1449 2548 ipsa

356 2548 450 2610 ejecit:
470 2545 643 2594 dotantetiaur
652 2559 740 2594 omues
753 2544 828 2596 codd.
838 2547 945 2596 Torren.
963 2547 1045 2596 Paulo
1063 2554 1122 2611 post
1133 2549 1194 2597 Vct.
1208 2547 1237 2596 oh
1255 2549 1447 2598 cosummat.

355 2615 420 2660 -28
437 2609 560 2673 Plerique
571 2608 647 2658 codd.
659 2623 717 2658 cum
736 2611 798 2658 Vet.
811 2618 839 2658 ct
850 2611 895 2659 Mo
916 2613 1098 2674 monstratum.
1125 2610 1227 2661 Deinde
1249 2625 1296 2674 pro
1313 2620 1447 2662 mmmm

357 2674 432 2726 Harl.
442 2672 515 2722 [eid.
529 2676 554 2720 2.
573 2679 601 2721 et
617 2673 678 2722 Vet.
688 2675 845 2736 dorcadernt,
857 2688 890 2722 ex
902 2676 1191 2738 mterpremtione.-2t
1205 2675 1276 2724 ‘Pro
1286 2677 1401 2740 ditonum
1411 2676 1446 2724 ic-

375 2737 469 2786 eudum
486 2751 545 2786 cum
561 2736 699 2786 Perizonio
720 2744 748 2786 et
769 2739 894 2788 Torrenio
914 2741 1041 2802 delapsam.
1081 2740 1152 2789 Med.
1175 2747 1283 2806 uterque
1304 2739 1446 2804 cethuma!

380 2817 443 2866 app.

847 2906 954 2958 NOTAE

388 3045 400 3080 t
414 3035 598 3098 Ariobarzanes]
620 3033 676 3084 Rex
696 3035 880 3099 Cappadocia,
921 3035 1027 3097 asylis,
1037 3033 1129 3084 iterum
1141 3049 1156 3084 a
1166 3035 1300 3099 Pompeio.

355 3114 399 3178 qui
410 3112 584 3162 aMithridata
593 3111 718 3174 biaregno
727 3112 813 3173 putam
822 3117 879 3171 ett3
952 3118 963 3162 t
975 3109 1027 3158 Aa.
1039 3107 1077 3158 M.
1088 3112 1161 3158 8990.
1177 3109 1221 3159 01.
1235 3114 1289 3161 178.
1299 3114 1321 3159 l.
1337 3109 1403 3161 Urb.
1414 3113 1444 3162 C.

355 3190 447 3254 hisque
467 3187 613 3238 aliomanis
631 3186 782 3248 restitutum
798 3186 879 3236 semel
917 3188 976 3234 689.
993 3183 1057 3234 Ant.
1068 3184 1114 3234 Ch.
1124 3188 1164 3234 ot.
