3234 5110
358 387 422 452 562
651 399 811 450 vrunnrr
837 397 982 446 lrrxrur
1007 397 1077 446 urn.
1102 398 1134 446 v.

357 549 390 612 in
403 545 517 628 capite
532 543 606 628 ejus
618 543 732 607 subito
745 542 850 606 veluti
872 539 1019 604 cornuad
1041 543 1236 622 crepserunt
1247 545 1291 602 :¹4
1310 559 1454 624 respon-

356 665 495 730 sumque
518 649 712 725 est‘regem
738 649 849 706 eum¹5
870 641 955 717 fore,
977 640 1006 703 si
1030 641 1064 704 iu
1091 639 1215 704 Urbem
1239 643 1454 706 revertisset!

357 746 521 824 Quodne
540 746 718 821 accideret,
733 744 952 807 voluntarium
975 741 1111 806 sibimet
1132 760 1173 805 ac
1191 748 1389 824 perpetuum
1404 743 1453 805 in·

356 848 446 912 dixit
467 847 627 910 exiliumr
672 845 816 926 Dignam
840 845 1007 925 pietatem,
1022 862 1110 923 quse,
1126 842 1219 925 quod
1242 841 1286 906 nd
1310 843 1451 906 solidam

357 947 498 1027 gloriam
520 945 652 1021 attinet,
666 952 794 1027 septem
816 943 946 1023 regibus
968 941 1207 1024 praeseretur.¹⁶
1252 942 1360 1026 Cujus
1383 951 1451 1006 tes·

355 1047 469 1112 tendae
484 1045 530 1108 rei
546 1047 652 1127 gratio
665 1045 787 1127 capitis
803 1042 925 1122 effigies
940 1060 1034 1104 aereae
1046 1049 1071 1088 ¹⁷
1084 1048 1204 1124 portae,
1216 1062 1285 1124 que
1298 1061 1452 1106 excesse-

355 1155 421 1222 rat,
437 1146 569 1210 incluso
593 1152 666 1207 est:
692 1142 851 1226 dictaque
868 1139 1155 1220 manusculum:
1173 1143 1263 1226 quod
1283 1143 1362 1206 olim
1383 1163 1452 1208 aere

354 1244 724 1310 rauderadicebanturr

398 1350 431 1412 4.
454 1345 626 1410 Genucius
641 1343 752 1405 leudis
767 1341 879 1424 hujus,
895 1361 963 1423 qna
985 1343 1092 1428 major
1114 1345 1300 1429 excogitari
1314 1347 1375 1409 vix
1389 1364 1449 1427 po·

356 1448 462 1525 test,¹⁸
483 1445 730 1509 successionem
754 1444 845 1506 AElio
875 1445 1012 1525 praetori
1040 1445 1187 1510 tradidit
1229 1445 1296 1510 Cui
1320 1447 1377 1528 jus
1401 1446 1451 1510 di·

814 1606 998 1627 moe

357 1717 422 1760 vett.
435 1710 533 1760 Genitr'c
547 1709 695 1770 cippo—lt
711 1707 754 1756 Sic
773 1707 884 1756 merisne
899 1715 927 1756 et
938 1713 992 1770 opt·
1005 1721 1065 1769 pers
1082 1705 1158 1756 codd.
1168 1719 1225 1755 cunr
1235 1707 1306 1769 Meg.
1318 1705 1359 1754 olii
1371 1720 1453 1768 erupe-

356 1781 421 1836 runt,
437 1775 492 1824 slve
503 1777 662 1822 emerueruru:
679 1771 781 1834 Lipsius
798 1771 824 1818 in
843 1783 888 1818 ruo
905 1770 1004 1820 invenit
1022 1775 1155 1833 nexant,
1172 1771 1213 1820 nti
1228 1770 1323 1818 lrsbent
1343 1770 1451 1820 Lerne.

357 1840 451 1900 Coper.
470 1844 499 1886 et
510 1839 572 1885 Vct.
589 1835 683 1884 ‘Licet
701 1835 829 1910 bucusque
846 1833 906 1884 inde
923 1835 956 1884 eb
977 1833 1044 1883 Aldo
1055 1832 1152 1884 editum
1163 1835 1197 1883 sit
1207 1838 1358 1895 emeruerunt,
1370 1833 1452 1882 metui

356 1910 442 1951 tumen
451 1901 523 1966 sequi
533 1902 618 1964 plures
628 1911 726 1961 eosque
739 1900 857 1947 melrores
866 1897 942 1946 codd.
960 1905 988 1947 et
1000 1898 1077 1946 edere
1089 1903 1231 1961 nepuruut.
1253 1899 1301 1947 Cui
1312 1898 1360 1946 hoe
1368 1897 1452 1946 minus

356 1967 454 2029 placet,
465 1965 485 2014 iu
493 1967 563 2028 leget
572 1961 731 2012 memet!
750 1963 836 2026 Knpp.
872 1963 957 2011 Bitur.
970 1966 994 2012 l.
1002 1967 1141 2024 repressum
1152 1963 1248 2012 Medic.
1259 1966 1283 2010 2.
1294 1967 1452 2024 erumperent.

354 2035 419 2078 -15
437 2029 536 2078 Medic.
548 2034 571 2076 l.
583 2026 654 2076 delet
671 2041 732 2088 eurn,
744 2027 812 2090 quod
825 2040 875 2075 non
888 2025 1019 2089 improbat
1029 2026 1242 2075 Temenion-lt}
1259 2025 1335 2074 Leid.
1348 2030 1371 2073 l.
1390 2040 1452 2088 proe-

349 2093 447 2152 [notro
456 2093 551 2154 glorie,
571 2105 603 2140 ex
615 2091 701 2152 glossa
713 2097 790 2152 putet
801 2090 868 2139 idem
888 2091 1061 2140 Turrem-lt
1078 2089 1191 2139 ‘Ceuclu
1209 2089 1298 2166 Cump.
1318 2089 1404 2138 Perit.
1424 2095 1452 2138 et

355 2157 430 2206 Leid.
451 2159 533 2220 quint.
554 2162 633 2217 atque
645 2153 818 2220 Chulcocond.
832 2169 906 2215 ereo,
923 2155 980 2203 scil.
991 2152 1097 2216 effigies.
1130 2154 1223 2218 Sisque
1243 2151 1326 2202 edrdit
1343 2152 1451 2216 Pighius

356 2235 414 2270 cunr
429 2221 484 2268 nliie
501 2224 630 2280 posterum
642 2216 791 2266 editoribus.
826 2217 863 2267 At
879 2218 959 2267 ceteri
971 2217 1037 2266 Mes.
1048 2217 1109 2265 Vet.
1119 2215 1178 2266 ltu.
1190 2217 1296 2282 eliaeqne
1306 2229 1383 2276 erere,
1393 2217 1451 2265 scil.

353 2291 449 2346 portes,
484 2282 534 2330 nod
554 2281 631 2329 etiarn
649 2275 788 2330 'l'orrenius
807 2280 910 2344 probet.
943 2281 1013 2344 Ergo
1028 2281 1238 2330 ereoerevoesvi.
1261 2280 1367 2330 Colerns
1379 2281 1452 2330 molit

354 2353 445 2395 oerstoe.
502 2345 691 2394 nimrrrooereae
702 2359 749 2406 pro
761 2351 858 2406 arete,
869 2345 909 2394 rel
922 2358 973 2394 uere
983 2345 1077 2394 vincte
1090 2359 1105 2393 n
1118 2344 1221 2394 anerio
1229 2344 1325 2394 dictum
1338 2344 1451 2406 ridetur,

356 2417 385 2458 nt
393 2423 461 2472 saepe
473 2423 557 2458 oureus
568 2422 616 2472 pro
627 2415 730 2456 curatus
742 2407 810 2470 apud
821 2409 934 2457 Veteres
952 2409 1103 2471 scriptores.
1123 2408 1174 2458 rid.
1192 2409 1301 2458 Sueten.
1320 2408 1388 2470 Aug.
1400 2407 1449 2456 ⁶23

355 2474 437 2536 Kspp.
471 2474 534 2522 Mox
544 2488 591 2534 pro
604 2471 786 2522 ltoudusculcuo
799 2471 877 2522 codd.
889 2472 1205 2534 centumplicarentur,
1217 2473 1390 2534 Roduscrdoso,
1401 2473 1450 2521 Ro·

355 2539 490 2597 deuoluere,
508 2537 695 2598 Rauduscolonm
713 2537 888 2586 Ruduerutorro.
922 2535 1027 2585 Deinde
1047 2539 1110 2599 quod
1131 2537 1157 2586 in
1180 2537 1353 2600 compluribus
1375 2536 1451 2585 deest

354 2602 429 2651 codd.
441 2601 486 2664 qui
505 2601 583 2648 etiem
603 2597 658 2647 fere
676 2614 763 2649 ornnes
780 2600 903 2648 dicebatur
920 2599 1058 2649 exhibent:
1076 2601 1150 2650 multi
1160 2601 1217 2650 otior
1226 2603 1358 2658 mecm
1375 2600 1451 2649 lieri.

353 2667 409 2714 eliu
419 2666 575 2720 eorouderor
591 2663 677 2712 Bitnr.
688 2667 712 2713 l.
728 2663 784 2712 olim
794 2677 837 2712 oro
847 2665 950 2712 rendere
960 2680 969 2721 ,-
985 2664 1065 2713 Burb.
1078 2670 1101 2712 l.
1119 2666 1175 2714 otim
1184 2666 1305 2714 oercudcm
1312 2680 1322 2722 ,·
1341 2664 1412 2713 Leid.
1422 2669 1447 2714 b.

354 2730 411 2777 olim
431 2727 582 2787 limorum,
605 2734 632 2776 et
650 2741 696 2790 pro
712 2742 736 2776 r.
748 2728 766 2776 1.
787 2727 949 2784 Hemrderor
964 2729 1060 2791 Vulgg.
1080 2735 1140 2778 ente
1158 2728 1232 2791 Pigh.
1245 2729 1301 2777 otim
1311 2730 1386 2777 raudo
1400 2743 1449 2777 oers

354 2793 508 2848 dicebantur:
524 2792 595 2855 Meg.
605 2791 662 2840 olim
672 2796 750 2840 cutem
768 2791 899 2840 Eroru'dern
909 2791 1048 2849 dicebatur:
1065 2791 1161 2842 Venet.
1174 2797 1199 2842 t.
1214 2793 1323 2856 dictoque
1340 2792 1449 2842 Raudus-

353 2858 446 2918 uun,
461 2857 517 2904 otim
532 2857 642 2903 rnudoero
658 2855 780 2904 dicebatur
786 2871 796 2912 ,·
812 2855 922 2904 Arcens.
938 2858 999 2917 quod
1020 2857 1076 2904 oliuu
1094 2859 1170 2906 raudo
1191 2871 1235 2905 ore
1253 2856 1448 2906 ‹lietberte—18

353 2919 422 2968 Here
433 2918 527 2968 verbe:
547 2934 593 2982 quo
603 2918 676 2978 molor
693 2919 824 2980 excogitari
841 2921 884 2970 nix
899 2924 983 2982 potest,
996 2920 1152 2969 omittuntur
1162 2920 1187 2968 in
1199 2935 1246 2968 sex
1257 2919 1331 2970 codd.
1341 2920 1450 2970 Torren.

352 2991 452 3047 reptem
464 2984 516 3046 ulii,
526 2983 553 3032 in
569 2983 660 3046 quibus
672 2983 763 3046 Ultrej.
777 2987 799 3032 l.
812 2991 839 3031 et
850 2983 970 3034 Perizon.
982 2998 1039 3033 cnm
1049 2985 1110 3032 Vet.
1120 3000 1189 3046 quam
1203 2985 1302 3032 olionrn
1313 2985 1449 3044 augurari

351 3048 395 3096 oie
403 3051 498 3109 potest,-
514 3047 568 3110 elii,
583 3047 741 3110 questionum
757 3047 890 3109 excogitari
905 3047 947 3096 otc
964 3052 1055 3109 potem
1073 3047 1141 3096 unde
1158 3049 1295 3097 'l'orrenine
1311 3047 1378 3111 conj.
1401 3063 1448 3109 quo

353 3111 428 3171 ardor
437 3112 537 3160 neree
548 3125 568 3158 e.
579 3125 601 3159 o.
611 3125 636 3172 p.
649 3110 693 3159 sed
715 3111 783 3160 idern
801 3118 899 3172 monet,
920 3125 971 3158 non
991 3125 1055 3174 opus
1075 3126 1131 3160 esse
1149 3113 1300 3164 mutatione.
1336 3112 1448 3160 chr'tiur

351 3177 427 3224 lordb
437 3176 507 3236 tulus
516 3175 680 3224 namnum
692 3174 718 3223 in
730 3174 914 3238 edd.plnrimir
926 3182 988 3225 ente
997 3174 1073 3239 Pigh.
1107 3177 1170 3226 Mox
1182 3176 1257 3226 codd.
1266 3189 1347 3239 prope
1359 3190 1447 3225 omnes

846 3334 951 3385 NOTAE

382 3457 394 3490 ‘¹
415 3459 496 3508 Veluti
516 3459 614 3522 coruus]
641 3461 744 3510 Cornus
764 3459 877 3510 Genucii
917 3461 1045 3510 ‘ruduer'
1063 3461 1173 3511 Verronl
1189 3473 1252 3510 vero
1271 3467 1300 3510 et
1319 3461 1397 3510 Festo
1409 3476 1443 3510 aes

349 3532 502 3583 hundredus
520 3548 550 3582 nc
567 3533 700 3584 Actoonis
710 3533 827 3585 subulcus
838 3535 876 3584 sn·
916 3549 990 3584 omne
1003 3537 1010 3563 ‘
1022 3535 1137 3596 raudus,’
1149 3537 1189 3584 vel
1206 3537 1215 3564 ⁴
1223 3536 1322 3586 rudue:¹
1339 3538 1445 3586 nonnul·

350 3605 399 3656 iure
409 3609 489 3657 trudit
501 3609 600 3658 Plinius
612 3608 656 3657 lib.
668 3623 708 3658 ιι.
720 3623 743 3659 c.
754 3613 794 3659 87.
916 3610 934 3659 li
956 3611 1047 3674 legunt
1066 3611 1092 3660 in
1115 3612 1220 3661 Velerio
1240 3614 1333 3669 cautior
1354 3613 1444 3662 melius

385 3683 577 3733 ⁸l'olurrturirun
594 3682 686 3732 sibimet
697 3684 808 3746 entium]
826 3685 874 3735 l'o·
916 3694 1000 3736 tumen
1021 3691 1108 3737 rudera
1127 3689 1228 3753 legeris.
1267 3689 1392 3738 Sicenim
1408 3689 1445 3738 di-

349 3765 408 3808 ceto
418 3765 494 3808 extre
504 3765 593 3823 portes
603 3759 700 3808 Senetu
712 3759 744 3806 de
758 3758 875 3822 prodigio
916 3761 1043 3811 eebsntnr
1059 3761 1143 3814 frusto
1166 3763 1236 3824 serie,
1253 3779 1322 3813 usses
1333 3771 1362 3814 et
1373 3779 1443 3814 nurn-

349 3835 454 3893 retnlit;
472 3849 503 3882 sc
525 3848 558 3883 ne
581 3833 641 3898 qnid
658 3834 807 3883 detrimenti
820 3833 875 3884 leto
915 3837 950 3886 mi
970 3838 1043 3900 aerel,
1062 3846 1092 3888 nt
1114 3855 1146 3888 ex
1165 3839 1239 3889 Livio
1260 3845 1342 3904 putet.
1377 3841 1443 3889 Herc

349 3921 395 3956 ruo
418 3909 576 3972 Respublies
601 3910 742 3973 acciperet,
769 3910 875 3959 decerni
917 3921 995 3976 ports
1015 3916 1164 3979 appelletur
1184 3932 1200 3965 s
1218 3916 1337 3966 Varrone
1360 3917 1445 3966 ‘Reu-

349 3984 397 4032 eibi
414 3987 496 4034 soluit
510 3986 615 4034 exilium
626 4003 633 4036 :
651 4001 713 4050 eger
723 3985 760 4036 illi
772 3987 876 4036 honoris
914 3989 1039 4052 dnscnle‚'
1051 4006 1067 4040 e
1078 3993 1157 4041 Festo
1166 3991 1174 4018 ‘
1183 3989 1397 4042 Rendusculsnu!

349 4071 467 4109 enuere:
477 4060 581 4123 publico
592 4062 676 4112 detru.
947 4073 958 4123 t
976 4067 1026 4116 An.
1040 4067 1077 4118 M.
1087 4071 1160 4117 8816.
1173 4067 1216 4116 Ol.
1230 4071 1284 4117 itt.
1298 4071 1321 4117 t.
1333 4064 1398 4115 Urb.
1411 4067 1442 4117 C.

373 4129 391 4162 '¹
412 4133 602 4199 Rcudmcuheo]
628 4137 672 4187 llis
691 4137 756 4186 rude
777 4137 873 4188 dicitnr
913 4146 969 4190 ⁵15.
984 4141 1045 4194 Ant.
1057 4143 1104 4193 Clr.
1115 4147 1172 4193 28⁷.
1372 4145 1376 4154 '

349 4205 666 4274 Cincio,‘rudurcnlum;'
683 4228 717 4262 mr
735 4213 871 4264 conflatum
