3180 5120
463 428 614 479 cru-111.
637 429 688 478 uu
703 427 777 480 ‘rur
802 429 848 478 uu
870 428 971 478 euro.
1198 413 1266 482 841

171 576 374 660 subegisset,
401 579 583 659 postquam
612 572 772 656 cognovit
795 571 839 651 Q.
864 571 1063 656 Pompeium
1091 574 1265 639 consulem
1302 632 1305 640 .

171 680 344 746 inimicum
367 695 464 742 suum
487 693 716 740 successorem
741 672 808 738 sibi
828 672 930 751 mitti,
951 692 1066 740 omnes
1092 673 1151 758 qui
1165 675 1266 740 modo

170 782 326 847 militiam
349 777 641 844 suamvoluerunt
657 775 784 854 liniri,¹⁸
806 774 953 840 dimisit:
976 779 1180 840 commeatus
1195 795 1266 859 vpe-

171 884 330 960 tentibus,
344 899 454 966 neque
468 879 581 944 causis
594 879 760 955 excussis,
778 896 891 962 neque
905 877 1088 944 constituto
1108 882 1268 961 tempore,

171 983 280 1050 dedit:
300 984 419 1048 horrea
441 981 642 1047 custodibus
666 981 805 1045 remotis
827 986 1017 1064 opportune
1037 979 1166 1064 rapinae
1180 999 1268 1063 prae-

168 1086 262 1151 buit:
284 1104 393 1162 arcus,
420 1085 632 1167 sagittasque
656 1079 867 1146 Cretensium
891 1080 1009 1164 frangi,
1032 1087 1132 1165 atque
1146 1081 1182 1145 in
1197 1101 1269 1146 ama

170 1207 245 1252 nem
260 1186 364 1271 abjici
375 1187 502 1272 jussit:
524 1185 711 1268 elephantis
735 1182 864 1248 cibaria
877 1182 950 1247 dari
971 1185 1089 1248 vetuit.
1132 1182 1268 1262 Quibus

171 1289 272 1353 sactis
293 1295 330 1353 ut
347 1287 527 1372 cupiditati
552 1305 626 1351 suae
645 1283 797 1361 indulsit,
825 1283 874 1348 ita
896 1283 1073 1365 magnifice
1100 1290 1269 1367 gestarum

171 1409 276 1455 rerum
302 1390 441 1472 gloriam
465 1387 634 1472 corrupit:
664 1385 885 1472 meritumque
909 1385 1071 1460 honorem
1098 1386 1269 1472 triumphi,

171 1490 329 1569 bostium,
345 1509 447 1574 quam
460 1491 533 1567 irae,
550 1490 666 1554 tortior
679 1489 824 1566 victor,¹⁹
846 1489 968 1554 amisit.

214 1593 246 1656 8.
270 1591 362 1671 Quid
376 1591 484 1674 Sylla,
508 1590 586 1655 dum
608 1591 686 1656 huic
700 1591 785 1656 vitio
799 1592 1015 1675 obtemperat,
1034 1612 1144 1658 nonne
1164 1592 1270 1657 multe

172 1692 282 1756 alieno
306 1693 464 1773 sauguine
490 1691 644 1774 profuso,
668 1691 713 1758 ed
739 1692 894 1758 ultimum
918 1701 1072 1758 etenum
1095 1693 1269 1775 erogavitl

174 1790 327 1856 Puteolis
340 1791 428 1855 enim
443 1791 563 1856 ardens
584 1792 821 1876 indignatione,
847 1793 939 1876 'quod
953 1792 1100 1858 Granius
1114 1794 1270 1877 princeps

173 1892 248 1976 ejus
263 1893 405 1958 coloniae
420 1893 597 1977 pecuniam
619 1913 642 1958 a
654 1893 890 1960 decurionibus
906 1895 950 1959 ed
974 1895 1190 1960 refectionem
1204 1893 1271 1982 Ga·¹

171 1994 281 2078 pitolii
313 1995 514 2078 promissam
543 1995 755 2060 cunctantius
780 1995 886 2075 daret,
916 1995 1022 2060 animi
1049 1996 1272 2062 concitatione

172 2097 286 2173 nimia,
301 2102 400 2180 atque
415 2096 635 2161 immoderato
647 2103 676 2134 ²⁰
696 2097 792 2161 vocis
806 2098 934 2182 impetu
947 2098 1109 2162 convulso
1121 2104 1273 2181 pectore,

173 2197 326 2279 spiritum
342 2196 476 2262 cruore]
499 2217 540 2262 ac
555 2197 655 2263 minis
664 2198 801 2262 mistum
814 2199 973 2264 evomuit.
1004 2199 1082 2265 Nec
1096 2200 1191 2264 senio
1199 2201 1272 2284 jam

172 2299 367 2382 prolapsus,
396 2303 511 2383 utpote
539 2299 785 2382 sexagesimum
821 2299 1008 2386 ingrediens
1038 2321 1175 2380 annum,
1210 2301 1273 2367 sed

172 2399 257 2464 alita
281 2398 426 2465 miseriis
449 2402 643 2487 reipublicae
654 2408 679 2440 ²¹
713 2402 915 2485 impotentia
939 2403 1062 2467 furens.
1107 2403 1213 2486 Igitur
1235 2405 1273 2468 in

172 2499 278 2582 dubio
293 2508 358 2582 est,
373 2494 509 2588 Syllane'
523 2503 627 2588 prior,
646 2523 690 2570 en
703 2504 882 2582 iracundia
895 2503 999 2592 Syllae
1013 2505 1059 2574 sit
1071 2505 1231 2570 extincta

630 2667 826 2720 EXTERNA·

218 2774 341 2858 Neque
355 2776 399 2840 ab
421 2774 545 2858 ignotis
568 2785 726 2862 exempla
747 2793 858 2867 petere
882 2785 994 2871 juvat,
1017 2791 1051 2852 et
1074 2785 1272 2852 maximis²²

174 2877 256 2942 virle
281 2879 486 2960 exprobrare
510 2876 596 2941 vitia
611 2894 675 2940 sua
688 2888 899 2949 verecundiae
920 2897 981 2952 est.
1026 2889 1183 2952 Ceterum
1198 2904 1274 2951 com

174 2980 340 3064 propositi
354 2977 438 3042 fides
459 2976 739 3042 excellentissima
752 2998 898 3062 quaeque
923 2986 1105 3064 complecti
1129 2993 1275 3062 moneat,

630 3139 814 3162 'mm

177 3238 250 3292 Leid.
261 3244 287 3290 6.
301 3237 439 3302 abjectum
451 3239 526 3306 ¹vrrlgo
537 3238 752 3304 rotoldum-18
767 3241 811 3294 Sia
819 3239 874 3292 tere
884 3241 949 3292 Mu.
965 3242 1060 3307 ceper.
1072 3241 1277 3308 tamenflrire'ot

177 3299 314 3368 legebatur
322 3312 382 3355 aute
393 3301 512 3369 Pigbimn
533 3294 613 3358 etiam
624 3303 718 3354 omisso
727 3320 810 3364 marre
825 3306 871 3356 red
884 3321 942 3357 rum
950 3307 1016 3356 Mur.
1024 3307 1193 3358 'consentiunt
1203 3308 1277 3374 Meg.

177 3369 285 3419 Medici.
301 3369 475 3421 Arcens-19
490 3338 611 3432 ‘doyete
627 3369 792 3419 scribendum
813 3369 960 3434 ridebatur,
977 3376 1075 3422 «κίονι
1092 3371 1199 3436 inepte)
1218 3373 1277 3422 Tor·

176 3437 292 3483 ren—2⁰
309 3433 352 3483 lta
373 3433 451 3483 codd.
471 3447 529 3483 cum
548 3433 610 3482 Vet.
630 3433 675 3481 Mo
694 3468 701 3482 .
719 3440 748 3483 et
763 3433 871 3485 Medici.
888 3439 913 3484 t.
935 3443 963 3486 et
982 3436 1019 3486 ric
1035 3436 1183 3486 emendavit
1198 3436 1275 3501 Pigb.

177 3499 276 3562 Vulgo,
294 3498 462 3548 merim.
496 3497 580 3546 Paulo
598 3504 657 3560 port
672 3447 766 3563 filtruj.
776 3503 800 3548 ι
817 3499 1273 3564 etMog.emixturreeorrrrit.-21

177 3561 221 3612 Itu
232 3576 265 3612 ex
277 3563 354 3612 codd.
372 3560 490 3626 Pighius,
501 3569 528 3610 et
545 3561 712 3616 consentiunt
720 3563 947 3614 Turranium-22
963 3565 1006 3615 Itu
1017 3565 1043 3614 iu
1055 3566 1173 3616 omuibus
1181 3565 1275 3630 Pigbio

177 3627 306 3689 prioribus
315 3627 377 3677 edd.
389 3627 537 3692 legebatur,
551 3640 636 3693 papae
647 3627 723 3687 aliter
734 3627 831 3680 babent
844 3629 921 3680 codd.
933 3630 1014 3681 tribur
1022 3631 1150 3696 exceptis,
1158 3645 1222 3696 quor
1237 3645 1278 3684 ee·

670 3755 778 3808 NOTAE

178 3869 300 3920 victorias
310 3873 464 3936 uegeturrlt
479 3873 559 3922 boues
575 3871 707 3936 triumphi.
746 3874 815 3924 mica
841 3873 978 3939 expiravit.
1021 3873 1188 3938 Epignmus
1214 3887 1276 3926 are

212 3945 351 4012 tuptrttea
370 3950 464 4014 errore]
497 3950 561 3998 cnm
585 3947 707 4012 Capitolii
747 3950 919 4013 compositum
936 3963 982 3998 ruo
999 3949 1119 4012 sepulcro
1137 3948 1220 3999 voluit
1239 3951 1278 4000 in·

178 4019 315 4076 dedicandi
326 4027 472 4077 vehementi
491 4025 617 4076 desiderio
635 4032 708 4076 tene·
747 4025 840 4088 reribl;
855 4024 923 4075 itlius
934 4023 992 4073 trae
1001 4022 1133 4073 sententie
1142 4022 1210 4076 tuit:
1224 4026 1276 4078 ‘Se

179 4102 259 4160 retur,
277 4101 403 4156 Granium
420 4103 448 4152 in
465 4101 612 4152 cubiculum
629 4101 707 4152 advo·
748 4101 840 4152 neesb
858 4101 998 4152 amicorum
1017 4097 1158 4164 herema,
1175 4115 1226 4154 nee
1240 4103 1277 4155 ab

179 4176 233 4233 eat,
251 4186 361 4238 eumque
379 4192 397 4224 ι,
413 4177 536 4227 ministris
554 4177 709 4241 rmmgutrri
749 4175 1027 4240 inimieorumtujrriir
1038 4177 1205 4241 mperatum?

173 4246 271 4312 jubet;
287 4248 332 4306 sed
343 4248 656 4323 clamoreuimiodirupte
665 4265 709 4304 re·
