3080 5106
336 383 402 452 512
650 391 808 442 vinnan
834 390 981 440 uaxrur
1007 391 1078 440 nra.
1102 390 1135 438 v.

380 539 414 607 3.
440 539 551 621 AEqne
567 534 660 602 mitis
671 535 799 600 animus
809 533 929 617 Pyrrhi
943 533 1042 616 regis.
1085 531 1255 600 Audierat
1269 537 1439 619 quosdam

337 642 588 710 Tarentinorum
602 641 637 702 in
650 638 809 702 convivio
825 656 943 720 parum
963 637 1184 700 honoratum!
1206 635 1247 701 de
1262 656 1299 700 se
1313 657 1440 706 sermo-

338 765 413 812 nem
428 745 623 818 habuisse,⁷³
646 740 839 818 arcessitos,
852 741 909 824 qui
923 741 955 804 ei
975 735 1199 816 interfuerant,
1214 742 1440 821 percontaba-

340 855 405 926 tur,
421 851 486 910 ‘an
516 864 568 922 ea,
592 862 669 927 quae
699 841 744 906 ed
772 859 869 906 aures
893 841 967 924 ejus
994 846 1224 923 pervenerunt,
1251 839 1439 908 dixissent!

339 949 425 1014 Turn
440 967 487 1013 ex
500 947 554 1012 his
565 953 595 994 ⁷⁴
615 964 725 1026 nnus:
747 941 872 1020 ‘Nisi,'
886 943 1007 1026 inquit,
1022 941 1157 1004 ‘vinum
1177 941 1276 1006 nobis
1298 942 1440 1010 deiecis-

340 1057 405 1128 set,
419 1051 499 1127 ista,
513 1067 592 1132 qum
607 1046 668 1110 tibi
690 1045 796 1109 relata
818 1050 904 1121 suut,
918 1061 989 1126 prae
1009 1044 1064 1120 iis,
1079 1060 1156 1124 quae
1182 1041 1224 1106 de
1239 1049 1273 1108 te
1293 1045 1440 1110 locuturi

340 1169 488 1226 eramus,
502 1149 599 1214 lusus
607 1154 634 1198 ⁷⁵
657 1166 697 1212 ac
714 1145 816 1230 jocus
837 1139 996 1210 fuissent?
1038 1141 1126 1206 Tam
1140 1143 1267 1208 urbana
1288 1145 1438 1229 crapulae

340 1253 530 1329 excusatio,
551 1257 686 1334 tamque
710 1248 856 1330 simplex
878 1245 1028 1312 veritatis
1050 1243 1230 1324 consessio,
1248 1247 1331 1312 irum
1352 1251 1440 1330 regis

340 1353 504 1419 convertit
515 1352 551 1416 in
564 1353 677 1416 risum.
722 1349 803 1428 Qua
822 1347 959 1431 quidem
979 1346 1151 1412 clementia
1164 1355 1200 1412 et
1213 1348 1440 1416 moderatione

341 1462 517 1521 assecutus
532 1461 593 1531 est,
609 1458 691 1518 utet
710 1452 812 1516 sobrii
834 1451 899 1516 sibi
913 1448 1087 1514 Tarentini
1109 1451 1234 1530 gratias
1249 1458 1390 1532 agerent,
1405 1459 1441 1518 et

340 1557 422 1621 ebrii
437 1559 520 1620 bene
535 1563 778 1641 precarentnrs
812 1550 869 1617 Ab
887 1552 1003 1616 eadem
1024 1550 1201 1616 altitudine
1221 1551 1439 1620 humanitatis

340 1657 460 1740 legatis
476 1658 704 1723 Romanorum
721 1655 764 1722 ad
778 1653 988 1720 redimendos
1003 1654 1159 1738 captivos
1181 1661 1288 1720 casua
1302 1674 1367 1722 sua
1380 1675 1439 1739 pe-

341 1762 500 1836 tentibus,
524 1779 593 1843 quo
622 1760 730 1822 tutius
759 1757 916 1832 venirent,
940 1755 1106 1840 Lyconem
1131 1755 1319 1822 Molossum
1328 1755 1357 1804 ⁷⁶
1379 1758 1440 1823 ob·

340 1863 431 1926 vium
452 1861 565 1926 misit:
588 1879 656 1943 quo
666 1867 693 1908 ⁷⁷
716 1859 911 1924 honoratius
934 1859 1176 1942 exciperentur,
1192 1860 1266 1942 ipse
1286 1877 1362 1922 cum
1384 1879 1442 1924 or·

340 1969 419 2028 nato
442 1964 595 2046 equitatu
608 1961 635 2011 ⁷⁸
657 1969 755 2028 extra
777 1970 908 2046 portam
933 1963 1090 2026 occurrit.
1133 1960 1363 2026 secundarum
1387 1979 1439 2024 re·
1517 1999 1518 2026 ;

342 2083 414 2128 rum
430 2071 594 2147 proventu
609 2083 676 2129 non
689 2065 775 2130 adeo
784 2072 811 2114 ⁷⁹
833 2063 1181 2147 corruptus,utofficii
1196 2063 1439 2147 prospectnm⁸⁰
1517 2129 1518 2136 ,

802 2241 984 2261 uaemuon

341 2362 480 2426 posteritati
491 2362 682 2413 memorie—tt
700 2363 761 2412 ‘Sic
772 2362 905 2426 Pighiuse
923 2363 999 2412 codd.
1019 2363 1071 2414 enit
1091 2361 1184 2426 edidit,
1200 2377 1250 2414 nec
1268 2365 1346 2414 aliter
1365 2364 1438 2414 iaeid.

343 2427 427 2540 finiat.
444 2425 527 2475 Aldus
538 2441 544 2473 :
562 2429 626 2492 opud
636 2429 747 2489 quendum
759 2459 765 2472 .
777 2459 784 2475 .
795 2460 802 2474 .
812 2425 918 2476 tuditem
929 2443 939 2485 ,·
956 2427 1033 2477 etsie
1049 2428 1125 2477 multi
1136 2427 1202 2477 Mas.
1226 2427 1263 2478 At
1282 2429 1349 2478 Uitr.
1365 2427 1438 2492 prim.

369 2489 440 2540 raud.
451 2497 572 2555 uterque,
584 2493 644 2540 Ver.
663 2490 772 2553 Herbip.
789 2497 817 2541 et
837 2491 1011 2540 Chalcocond.
1030 2493 1154 2541 omittunt
1165 2493 1245 2555 aperie
1261 2492 1330 2546 uude
1338 2493 1439 2556 Lipsius

343 2556 474 2620 conjecit:
495 2555 611 2617 quondm
626 2590 648 2604 ..
661 2590 667 2604 .
679 2555 793 2606 hobitum.
833 2555 884 2604 Sed
907 2556 1000 2605 melior
1020 2565 1061 2606 est
1082 2556 1249 2605 Freinshemii
1270 2557 1437 2620 conjecture:

342 2620 460 2669 Audierat
471 2619 571 2680 quodum
586 2618 766 2667 Tarentinorum
777 2652 784 2667 .
794 2653 801 2668 .
812 2653 819 2668 .
829 2633 956 2668 sermonem
974 2619 1088 2683 dubium,
1107 2635 1184 2684 quam
1195 2621 1324 2682 Vorrtiue,
1335 2621 1437 2670 Perizo-

343 2684 411 2744 nius,
429 2688 458 2730 et
475 2682 612 2731 Torreuiue
633 2689 704 2732 recte
725 2682 843 2733 omnibus
864 2684 920 2732 aliie
933 2682 1224 2748 prmieruut,quuruque
1235 2683 1319 2733 codex
1330 2684 1439 2735 Perine

342 2760 419 2795 mauu
432 2746 515 2808 primu
526 2747 613 2796 habet.
645 2747 799 2811 Suspicatur
807 2762 841 2811 qu
878 2761 911 2795 ue
921 2747 1061 2798 Torrentur
1073 2764 1080 2796 ε
1099 2749 1216 2797 Audierat
1227 2748 1388 2811 equitudurrr
1398 2751 1439 2810 (ur

343 2810 437 2872 copes.
448 2817 476 2858 et
486 2809 574 2874 Heri.)
590 2813 690 2874 quodum
700 2813 726 2860 iu
736 2812 842 2861 eoueiee'o
900 2813 1034 2861 catinorum
1046 2825 1225 2861 ..ammonere
1235 2812 1350 2862 town.
1377 2813 1439 2861 Mor

341 2875 463 2923 urcem
473 2874 537 2924 Mea.
549 2876 681 2926 sexdecim
693 2883 722 2925 et
731 2875 806 2926 editt.
817 2889 916 2939 ornnes,
926 2891 978 2926 non
987 2877 1162 2938 mentitosque,
1171 2883 1201 2926 ut
1210 2875 1316 2937 Pighius
1323 2875 1440 2925 dederet.

344 2936 450 2987 Deinde
469 2953 539 2988 cerer
555 2940 630 3004 ipsine
648 2940 723 2990 codd.
741 2940 832 2991 decern
843 2941 951 2991 Torren.
962 2955 1020 2992 cum
1033 2942 1106 3003 Meg.
1122 2954 1192 2990 neree
1201 2953 1255 2989 mee
1264 2938 1337 2988 Leid.
1349 2944 1439 2990 ⁷.—tt

345 3001 431 3052 nm
441 3003 517 3052 extit
526 3005 602 3054 Heri.
619 3005 743 3054 iteretis
753 3013 865 3070 quotuor
876 3007 984 3056 Torren.
1009 3005 1157 3054 iuuatur
1168 2997 1266 3054 Medic.
1276 3007 1365 3052 2-76
1383 3005 1441 3053 Me·

341 3065 393 3116 dic.
403 3071 428 3116 t.
440 3076 468 3117 et
480 3068 575 3132 Uitrej.
586 3073 612 3118 t.
630 3071 774 3118 indu-to
791 3069 824 3119 In
841 3071 929 3119 multis
949 3068 1025 3119 codd.
1043 3069 1224 3119 terminatione
1236 3067 1341 3130 Grmce,
1353 3069 1440 3117 Molee-

342 3135 455 3180 ren.-t⁷
473 3131 517 3181 lte
527 3147 617 3181 omnes
627 3131 684 3183 fere
695 3134 771 3183 codd.
784 3141 811 3184 et
822 3133 882 3184 edd.
901 3139 963 3183 ante
978 3133 1110 3199 Pighium,
1128 3134 1171 3198 qui
1189 3133 1330 3196 scripserat
1347 3147 1441 3196 Μιε.

342 3193 452 3258 Aliquot
468 3195 544 3248 codd.
555 3199 665 3246 Torreu.
681 3199 790 3248 mttere
801 3213 850 3262 pro
866 3198 1076 3248 hemum—re
1091 3197 1136 3248 sic
1154 3197 1256 3248 winck.
1277 3195 1349 3248 [eid.
1366 3202 1390 3245 u.
1414 3204 1442 3245 et

342 3259 387 3307 atii
400 3259 528 3321 Pighieni.
545 3264 804 3323 mammetem
814 3261 913 3311 Brund.
927 3267 950 3311 l.
962 3265 987 3311 2.
1005 3268 1033 3312 et
1044 3263 1158 3327 quinque
1170 3261 1246 3311 codd.
1257 3262 1367 3312 Tcrren.
1382 3275 1442 3310 cum

341 3321 402 3371 vet.
418 3331 562 3374 mama
570 3325 672 3375 αι’ἱὶιιιπι
680 3326 775 3388 Copes.
787 3324 886 3375 Medic.
895 3333 924 3375 et
932 3327 1000 3375 aiter
1011 3327 1130 3377 Perizon.
1140 3340 1193 3375 eun
1202 3331 1287 3376 orem
1296 3326 1442 3390 epictatium,

343 3386 359 3434 i.
371 3401 396 3436 e.
414 3387 579 3451 equitatium,
595 3391 638 3440 vei
649 3390 830 3455 equitantium,
847 3391 943 3454 Uitraj.
956 3396 980 3441 l.
989 3395 1015 3440 2.
1028 3402 1056 3440 et
1067 3391 1206 3454 Moe-itt
1220 3391 1252 3440 iu
1263 3391 1355 3441 decem
1365 3388 1442 3440 cedd.

342 3449 451 3501 Torren.
469 3451 545 3501 deest
560 3455 637 3514 adeor
650 3456 696 3506 eed
714 3455 758 3520 qni
776 3455 892 3505 retinent
910 3454 1008 3505 hebent
1032 3457 1090 3506 odeo
1110 3470 1158 3505 son
1178 3459 1375 3519 cornum-8⁰
1398 3453 1442 3502 ltu

796 3661 800 3666 .
838 3615 948 3666 NOTAE

373 3741 648 3806 ’PenmdonoruteuJ
673 3745 737 3794 Corn
755 3745 872 3808 Pyrrhus
913 3744 974 3808 init,
993 3753 1021 3796 ut
1042 3748 1170 3812 Pyrrhum
1196 3746 1297 3810 probriu
1325 3745 1443 3796 omuibus

339 3817 493 3875 Terentium
507 3820 607 3870 idcirco
626 3820 693 3871 beiio
704 3821 806 3884 inepte·
816 3835 872 3871 cer·
912 3821 1055 3874 identidem
1073 3824 1236 3874 incerereutr
1253 3835 1333 3887 quare
1345 3823 1443 3871 veritus

340 3899 425 3958 neret,
435 3895 503 3960 quod
514 3893 664 3946 diffluerent
681 3896 800 3960 moltitie,
818 3897 872 3947 bai·
911 3898 965 3961 iiie,
974 3912 1007 3949 ne
1017 3899 1162 3950 deficerent
1171 3898 1204 3948 ed
1224 3899 1366 3962 Romanos,
1378 3899 1444 3948 aiios

341 3968 449 4033 neiaque
467 3978 496 4018 et
515 3971 639 4020 conviviis
658 3971 736 4022 nimio
758 3973 815 4037 piue
835 3973 872 4022 in·
914 3973 1008 4024 eliade
1020 3991 1096 4025 cuum
1108 3975 1134 4024 iu
1146 3974 1254 4038 Epirum
1266 3974 1343 4024 misit.

342 4040 489 4106 dulgerent,
513 4047 599 4098 eiaudi
622 4049 704 4112 jussit
730 4051 873 4114 gymnasie,
948 4049 1027 4102 trin.
1042 4051 1081 4102 M.
1092 4055 1166 4101 8774.
1194 4051 1239 4100 01.
1255 4055 1309 4100 ire.
1323 4053 1346 4100 i.
1375 4047 1443 4099 Uri).

341 4117 419 4177 indis,
430 4123 668 4188 comessationibus,
677 4133 705 4176 et
716 4129 872 4192 compotati-
913 4129 945 4180 C.
956 4133 1013 4180 473.
1041 4129 1106 4180 Aut.
1116 4129 1162 4180 Ch.
1173 4132 1230 4177 279.

343 4187 434 4240 onibus
443 4191 594 4259 interdixit3
606 4201 673 4263 quod
681 4201 730 4252 iiiia
738 4207 791 4254 tum
804 4213 872 4268 egre
