<?xml version="1.0" encoding="UTF-8"?>
<!DOCTYPE html PUBLIC "-//W3C//DTD XHTML 1.0 Transitional//EN"
    "http://www.w3.org/TR/xhtml1/DTD/xhtml1-transitional.dtd">
<html xmlns="http://www.w3.org/1999/xhtml" xml:lang="en" lang="en">
 <head>
  <title>
</title>
<meta http-equiv="Content-Type" content="text/html;charset=utf-8" />
  <meta name='ocr-system' content='tesseract 3.04.00' />
  <meta name='ocr-capabilities' content='ocr_page ocr_carea ocr_par ocr_line ocrx_word'/>
</head>
<body>
  <div class='ocr_page' id='page_1' title='image "./valeriimaximifa01maxigoog_0179.png"; bbox 0 0 3234 5110; ppageno 0'>
   <div class='ocr_carea' id='block_1_1' title="bbox 302 467 1291 532">
    <p class='ocr_par' dir='ltr' id='par_1_1' title="bbox 302 467 1291 532">
     <span class='ocr_line' id='line_1_1' title="bbox 302 467 1291 532; baseline 0.002 -4"><span class='ocrx_word' id='word_1_1' title='bbox 302 481 381 529; x_wconf 73' lang='lat' dir='ltr'><strong>cnr.</strong></span> <span class='ocrx_word' id='word_1_2' title='bbox 397 479 453 528; x_wconf 82' lang='lat' dir='ltr'><strong>rx.</strong></span> <span class='ocrx_word' id='word_1_3' title='bbox 478 479 526 526; x_wconf 82' lang='lat' dir='ltr'><strong>nr</strong></span> <span class='ocrx_word' id='word_1_4' title='bbox 551 478 692 526; x_wconf 74' lang='lat' dir='ltr'><strong>sturno.</strong></span> <span class='ocrx_word' id='word_1_5' title='bbox 718 477 853 525; x_wconf 80' lang='lat' dir='ltr'><strong>norun</strong></span> <span class='ocrx_word' id='word_1_6' title='bbox 879 477 955 526; x_wconf 79' lang='lat' dir='ltr'><strong>nur</strong></span> <span class='ocrx_word' id='word_1_7' title='bbox 980 479 1177 529; x_wconf 71' lang='lat' dir='ltr'><strong>troarnum.</strong></span> <span class='ocrx_word' id='word_1_8' title='bbox 1225 467 1291 532; x_wconf 80' lang='lat'><strong>651</strong></span> 
     </span>
    </p>
   </div>
   <div class='ocr_carea' id='block_1_2' title="bbox 200 595 1293 807">
    <p class='ocr_par' dir='ltr' id='par_1_2' title="bbox 200 595 1293 807">
     <span class='ocr_line' id='line_1_2' title="bbox 200 595 1293 706; baseline 0.002 -18"><span class='ocrx_word' id='word_1_9' title='bbox 200 623 404 688; x_wconf 77' lang='lat' dir='ltr'><strong>infelicitatis</strong></span> <span class='ocrx_word' id='word_1_10' title='bbox 418 642 454 686; x_wconf 90' lang='lat' dir='ltr'><strong>se</strong></span> <span class='ocrx_word' id='word_1_11' title='bbox 472 595 732 706; x_wconf 75' lang='lat' dir='ltr'><strong>praedamnarer³</strong></span> <span class='ocrx_word' id='word_1_12' title='bbox 756 639 927 704; x_wconf 82' lang='lat' dir='ltr'>spemque,</span> <span class='ocrx_word' id='word_1_13' title='bbox 944 641 1021 704; x_wconf 79' lang='lat' dir='ltr'><strong>quae</strong></span> <span class='ocrx_word' id='word_1_14' title='bbox 1043 623 1144 686; x_wconf 88' lang='lat' dir='ltr'><strong>etiam</strong></span> <span class='ocrx_word' id='word_1_15' title='bbox 1166 627 1293 691; x_wconf 80' lang='lat' dir='ltr'><strong>incerta</strong></span> 
     </span>
     <span class='ocr_line' id='line_1_3' title="bbox 200 722 1293 807; baseline 0 -17"><span class='ocrx_word' id='word_1_16' title='bbox 200 731 313 790; x_wconf 69' lang='lat' dir='ltr'><strong>recte⁴</strong></span> <span class='ocrx_word' id='word_1_17' title='bbox 333 725 475 800; x_wconf 85' lang='lat' dir='ltr'><strong>fovetur,</strong></span> <span class='ocrx_word' id='word_1_18' title='bbox 492 723 653 788; x_wconf 90' lang='lat' dir='ltr'><strong>interdum</strong></span> <span class='ocrx_word' id='word_1_19' title='bbox 676 731 798 789; x_wconf 85' lang='lat' dir='ltr'><strong>certem</strong></span> <span class='ocrx_word' id='word_1_20' title='bbox 821 723 855 786; x_wconf 93' lang='lat' dir='ltr'><strong>in</strong></span> <span class='ocrx_word' id='word_1_21' title='bbox 876 722 1140 807; x_wconf 79' lang='lat' dir='ltr'><strong>desperationem</strong></span> <span class='ocrx_word' id='word_1_22' title='bbox 1157 745 1293 792; x_wconf 82' lang='lat' dir='ltr'><strong>conver·</strong></span> 
     </span>
    </p>
   </div>
   <div class='ocr_carea' id='block_1_3' title="bbox 198 835 1293 2023">
    <p class='ocr_par' dir='ltr' id='par_1_3' title="bbox 202 835 278 891">
     <span class='ocr_line' id='line_1_4' title="bbox 202 835 278 891; baseline -0.013 -1"><span class='ocrx_word' id='word_1_23' title='bbox 202 835 278 891; x_wconf 85' lang='lat' dir='ltr'><strong>tere.</strong></span> 
     </span>
    </p>

    <p class='ocr_par' dir='ltr' id='par_1_4' title="bbox 198 924 1293 1920">
     <span class='ocr_line' id='line_1_5' title="bbox 244 924 1293 1010; baseline 0 -18"><span class='ocrx_word' id='word_1_24' title='bbox 244 929 275 992; x_wconf 92' lang='lat'><strong>1.</strong></span> <span class='ocrx_word' id='word_1_25' title='bbox 298 926 447 992; x_wconf 85' lang='lat' dir='ltr'><strong>Manlius</strong></span> <span class='ocrx_word' id='word_1_26' title='bbox 468 926 664 1010; x_wconf 81' lang='lat' dir='ltr'><strong>Torquatus</strong></span> <span class='ocrx_word' id='word_1_27' title='bbox 688 926 772 990; x_wconf 87' lang='lat' dir='ltr'><strong>adeo</strong></span> <span class='ocrx_word' id='word_1_28' title='bbox 793 924 925 990; x_wconf 86' lang='lat' dir='ltr'><strong>hebetis</strong></span> <span class='ocrx_word' id='word_1_29' title='bbox 946 935 1048 1010; x_wconf 87' lang='lat' dir='ltr'><strong>atque</strong></span> <span class='ocrx_word' id='word_1_30' title='bbox 1063 929 1199 993; x_wconf 83' lang='lat' dir='ltr'><strong>obtusi5</strong></span> <span class='ocrx_word' id='word_1_31' title='bbox 1221 949 1293 993; x_wconf 89' lang='lat' dir='ltr'><strong>cor-</strong></span> 
     </span>
     <span class='ocr_line' id='line_1_6' title="bbox 200 1028 1293 1113; baseline 0.002 -21"><span class='ocrx_word' id='word_1_32' title='bbox 200 1029 252 1094; x_wconf 91' lang='lat' dir='ltr'><strong>dis</strong></span> <span class='ocrx_word' id='word_1_33' title='bbox 266 1030 352 1093; x_wconf 87' lang='lat' dir='ltr'><strong>inter</strong></span> <span class='ocrx_word' id='word_1_34' title='bbox 367 1029 463 1093; x_wconf 88' lang='lat' dir='ltr'><strong>initia</strong></span> <span class='ocrx_word' id='word_1_35' title='bbox 471 1028 619 1112; x_wconf 80' lang='lat' dir='ltr'><strong>juventae</strong></span> <span class='ocrx_word' id='word_1_36' title='bbox 635 1029 850 1092; x_wconf 81' lang='lat' dir='ltr'><strong>existimatus</strong></span> <span class='ocrx_word' id='word_1_37' title='bbox 864 1037 928 1107; x_wconf 86' lang='lat' dir='ltr'><strong>est,</strong></span> <span class='ocrx_word' id='word_1_38' title='bbox 943 1037 979 1094; x_wconf 92' lang='lat' dir='ltr'><strong>nt</strong></span> <span class='ocrx_word' id='word_1_39' title='bbox 993 1051 1014 1094; x_wconf 88' lang='lat' dir='ltr'><strong>a</strong></span> <span class='ocrx_word' id='word_1_40' title='bbox 1029 1037 1125 1113; x_wconf 90' lang='lat' dir='ltr'><strong>patre</strong></span> <span class='ocrx_word' id='word_1_41' title='bbox 1139 1031 1179 1097; x_wconf 88' lang='lat' dir='ltr'><strong>L.</strong></span> <span class='ocrx_word' id='word_1_42' title='bbox 1196 1031 1293 1094; x_wconf 85' lang='lat' dir='ltr'><strong>Man·</strong></span> 
     </span>
     <span class='ocr_line' id='line_1_7' title="bbox 199 1130 1293 1215; baseline 0 -21"><span class='ocrx_word' id='word_1_43' title='bbox 199 1131 246 1194; x_wconf 91' lang='lat' dir='ltr'><strong>lio</strong></span> <span class='ocrx_word' id='word_1_44' title='bbox 260 1130 470 1213; x_wconf 87' lang='lat' dir='ltr'><strong>amplissimo</strong></span> <span class='ocrx_word' id='word_1_45' title='bbox 485 1131 568 1208; x_wconf 87' lang='lat' dir='ltr'><strong>viro,</strong></span> <span class='ocrx_word' id='word_1_46' title='bbox 584 1132 665 1214; x_wconf 84' lang='lat' dir='ltr'><strong>quia</strong></span> <span class='ocrx_word' id='word_1_47' title='bbox 679 1138 716 1194; x_wconf 90' lang='lat' dir='ltr'><strong>et</strong></span> <span class='ocrx_word' id='word_1_48' title='bbox 738 1131 933 1196; x_wconf 84' lang='lat' dir='ltr'><strong>domesticis</strong></span> <span class='ocrx_word' id='word_1_49' title='bbox 955 1139 990 1196; x_wconf 84' lang='lat' dir='ltr'><strong>at</strong></span> <span class='ocrx_word' id='word_1_50' title='bbox 1007 1133 1201 1215; x_wconf 85' lang='lat' dir='ltr'><strong>reipublicae</strong></span> <span class='ocrx_word' id='word_1_51' title='bbox 1223 1133 1293 1195; x_wconf 91' lang='lat' dir='ltr'><strong>usi-</strong></span> 
     </span>
     <span class='ocr_line' id='line_1_8' title="bbox 200 1230 1293 1316; baseline 0.002 -21"><span class='ocrx_word' id='word_1_52' title='bbox 200 1233 264 1295; x_wconf 85' lang='lat' dir='ltr'><strong>bus</strong></span> <span class='ocrx_word' id='word_1_53' title='bbox 278 1231 406 1295; x_wconf 90' lang='lat' dir='ltr'><strong>inutilis</strong></span> <span class='ocrx_word' id='word_1_54' title='bbox 418 1230 601 1309; x_wconf 88' lang='lat' dir='ltr'><strong>videbatur,</strong></span> <span class='ocrx_word' id='word_1_55' title='bbox 616 1251 672 1295; x_wconf 90' lang='lat' dir='ltr'><strong>ms</strong></span> <span class='ocrx_word' id='word_1_56' title='bbox 691 1231 854 1312; x_wconf 83' lang='lat' dir='ltr'><strong>relegatus</strong></span> <span class='ocrx_word' id='word_1_57' title='bbox 879 1234 999 1315; x_wconf 80' lang='lat' dir='ltr'><strong>agresti</strong></span> <span class='ocrx_word' id='word_1_58' title='bbox 1021 1253 1122 1316; x_wconf 89' lang='lat' dir='ltr'><strong>opere</strong></span> <span class='ocrx_word' id='word_1_59' title='bbox 1137 1231 1293 1314; x_wconf 84' lang='lat' dir='ltr'><strong>latigare-</strong></span> 
     </span>
     <span class='ocr_line' id='line_1_9' title="bbox 200 1331 1291 1415; baseline 0.003 -19"><span class='ocrx_word' id='word_1_60' title='bbox 200 1341 266 1410; x_wconf 88' lang='lat' dir='ltr'><strong>tur,</strong></span> <span class='ocrx_word' id='word_1_61' title='bbox 281 1332 492 1415; x_wconf 86' lang='lat' dir='ltr'><strong>postmodnm</strong></span> <span class='ocrx_word' id='word_1_62' title='bbox 507 1338 635 1414; x_wconf 87' lang='lat' dir='ltr'><strong>patrem</strong></span> <span class='ocrx_word' id='word_1_63' title='bbox 649 1338 764 1394; x_wconf 83' lang='lat' dir='ltr'><strong>reum·</strong></span> <span class='ocrx_word' id='word_1_64' title='bbox 780 1331 937 1414; x_wconf 89' lang='lat' dir='ltr'><strong>judiciali</strong></span> <span class='ocrx_word' id='word_1_65' title='bbox 951 1334 1100 1415; x_wconf 91' lang='lat' dir='ltr'><strong>periculo</strong></span> <span class='ocrx_word' id='word_1_66' title='bbox 1120 1334 1291 1399; x_wconf 86' lang='lat' dir='ltr'><strong>liberavit:</strong></span> 
     </span>
     <span class='ocr_line' id='line_1_10' title="bbox 199 1431 1293 1514; baseline 0.001 -17"><span class='ocrx_word' id='word_1_67' title='bbox 199 1433 303 1497; x_wconf 83' lang='lat' dir='ltr'><strong>lilium</strong></span> <span class='ocrx_word' id='word_1_68' title='bbox 318 1432 494 1509; x_wconf 89' lang='lat' dir='ltr'><strong>rictorem,</strong></span> <span class='ocrx_word' id='word_1_69' title='bbox 508 1431 600 1514; x_wconf 92' lang='lat' dir='ltr'><strong>quod</strong></span> <span class='ocrx_word' id='word_1_70' title='bbox 624 1431 784 1495; x_wconf 87' lang='lat' dir='ltr'><strong>adversus</strong></span> <span class='ocrx_word' id='word_1_71' title='bbox 805 1432 979 1514; x_wconf 90' lang='lat' dir='ltr'><strong>imperium</strong></span> <span class='ocrx_word' id='word_1_72' title='bbox 994 1453 1091 1497; x_wconf 91' lang='lat' dir='ltr'><strong>snum</strong></span> <span class='ocrx_word' id='word_1_73' title='bbox 1108 1454 1183 1498; x_wconf 91' lang='lat' dir='ltr'><strong>cum</strong></span> <span class='ocrx_word' id='word_1_74' title='bbox 1196 1435 1293 1498; x_wconf 87' lang='lat' dir='ltr'><strong>hoste</strong></span> 
     </span>
     <span class='ocr_line' id='line_1_11' title="bbox 198 1526 1292 1618; baseline 0.002 -20"><span class='ocrx_word' id='word_1_75' title='bbox 198 1553 332 1598; x_wconf 89' lang='lat' dir='ltr'><strong>manum</strong></span> <span class='ocrx_word' id='word_1_76' title='bbox 347 1539 569 1610; x_wconf 86' lang='lat' dir='ltr'><strong>conseruerat,</strong></span> <span class='ocrx_word' id='word_1_77' title='bbox 585 1534 694 1597; x_wconf 87' lang='lat' dir='ltr'><strong>securi</strong></span> <span class='ocrx_word' id='word_1_78' title='bbox 718 1535 885 1617; x_wconf 88' lang='lat' dir='ltr'><strong>percussit</strong></span> <span class='ocrx_word' id='word_1_79' title='bbox 894 1526 919 1599; x_wconf 72' lang='grc' dir='ltr'><strong>τ’</strong></span> <span class='ocrx_word' id='word_1_80' title='bbox 941 1537 1087 1618; x_wconf 86' lang='lat' dir='ltr'><strong>patriam</strong></span> <span class='ocrx_word' id='word_1_81' title='bbox 1104 1537 1224 1600; x_wconf 88' lang='lat' dir='ltr'><strong>Latino</strong></span> <span class='ocrx_word' id='word_1_82' title='bbox 1239 1544 1292 1600; x_wconf 89' lang='lat' dir='ltr'><strong>tu-</strong></span> 
     </span>
     <span class='ocr_line' id='line_1_12' title="bbox 198 1634 1292 1718; baseline 0.002 -19"><span class='ocrx_word' id='word_1_83' title='bbox 198 1634 303 1699; x_wconf 87' lang='lat' dir='ltr'><strong>multu</strong></span> <span class='ocrx_word' id='word_1_84' title='bbox 328 1634 466 1711; x_wconf 86' lang='lat' dir='ltr'><strong>fessam,</strong></span> <span class='ocrx_word' id='word_1_85' title='bbox 496 1634 749 1717; x_wconf 86' lang='lat' dir='ltr'><strong>speciosissimo</strong></span> <span class='ocrx_word' id='word_1_86' title='bbox 777 1636 942 1718; x_wconf 91' lang='lat' dir='ltr'><strong>triumpho</strong></span> <span class='ocrx_word' id='word_1_87' title='bbox 966 1636 1138 1712; x_wconf 85' lang='lat' dir='ltr'><strong>recreavit,</strong></span> <span class='ocrx_word' id='word_1_88' title='bbox 1159 1636 1192 1698; x_wconf 94' lang='lat' dir='ltr'><strong>in</strong></span> <span class='ocrx_word' id='word_1_89' title='bbox 1215 1637 1292 1714; x_wconf 89' lang='lat' dir='ltr'><strong>hoc,</strong></span> 
     </span>
     <span class='ocr_line' id='line_1_13' title="bbox 200 1734 1291 1820; baseline -0.001 -18"><span class='ocrx_word' id='word_1_90' title='bbox 200 1737 312 1811; x_wconf 88' lang='lat' dir='ltr'><strong>credo,</strong></span> <span class='ocrx_word' id='word_1_91' title='bbox 336 1735 476 1800; x_wconf 79' lang='lat' dir='ltr'><strong>fortunae</strong></span> <span class='ocrx_word' id='word_1_92' title='bbox 502 1734 642 1800; x_wconf 88' lang='lat' dir='ltr'><strong>nubilo⁶</strong></span> <span class='ocrx_word' id='word_1_93' title='bbox 673 1737 909 1802; x_wconf 74' lang='lat' dir='ltr'><strong>adolescentia·</strong></span> <span class='ocrx_word' id='word_1_94' title='bbox 931 1745 1100 1803; x_wconf 85' lang='lat' dir='ltr'><strong>contemtu</strong></span> <span class='ocrx_word' id='word_1_95' title='bbox 1124 1737 1291 1820; x_wconf 83' lang='lat' dir='ltr'><strong>perfusus,</strong></span> 
     </span>
     <span class='ocr_line' id='line_1_14' title="bbox 200 1837 1063 1920; baseline 0.002 -20"><span class='ocrx_word' id='word_1_96' title='bbox 200 1856 267 1920; x_wconf 91' lang='lat' dir='ltr'><strong>quo</strong></span> <span class='ocrx_word' id='word_1_97' title='bbox 282 1838 466 1901; x_wconf 86' lang='lat' dir='ltr'><strong>senectutis</strong></span> <span class='ocrx_word' id='word_1_98' title='bbox 481 1837 554 1920; x_wconf 85' lang='lat' dir='ltr'><strong>ejus</strong></span> <span class='ocrx_word' id='word_1_99' title='bbox 568 1837 671 1902; x_wconf 90' lang='lat' dir='ltr'><strong>decus</strong></span> <span class='ocrx_word' id='word_1_100' title='bbox 684 1838 828 1904; x_wconf 88' lang='lat' dir='ltr'><strong>lucidius</strong></span> <span class='ocrx_word' id='word_1_101' title='bbox 842 1839 1063 1903; x_wconf 65' lang='lat' dir='ltr'><strong>enitesceret!</strong></span> 
     </span>
    </p>

    <p class='ocr_par' dir='ltr' id='par_1_5' title="bbox 241 1937 1292 2023">
     <span class='ocr_line' id='line_1_15' title="bbox 241 1937 1292 2023; baseline 0.001 -19"><span class='ocrx_word' id='word_1_102' title='bbox 241 1939 272 2004; x_wconf 81' lang='lat'><strong>2.</strong></span> <span class='ocrx_word' id='word_1_103' title='bbox 296 1939 414 2023; x_wconf 84' lang='lat' dir='ltr'><strong>Scipio</strong></span> <span class='ocrx_word' id='word_1_104' title='bbox 431 1946 542 2004; x_wconf 85' lang='lat' dir='ltr'><strong>cutem</strong></span> <span class='ocrx_word' id='word_1_105' title='bbox 556 1937 734 2006; x_wconf 83' lang='lat' dir='ltr'><strong>Africanus</strong></span> <span class='ocrx_word' id='word_1_106' title='bbox 756 1941 920 2023; x_wconf 84' lang='lat' dir='ltr'><strong>superior,</strong></span> <span class='ocrx_word' id='word_1_107' title='bbox 935 1959 1035 2023; x_wconf 88' lang='lat' dir='ltr'><strong>quem</strong></span> <span class='ocrx_word' id='word_1_108' title='bbox 1050 1940 1110 2004; x_wconf 91' lang='lat' dir='ltr'><strong>Dii</strong></span> <span class='ocrx_word' id='word_1_109' title='bbox 1124 1939 1292 2005; x_wconf 83' lang='lat' dir='ltr'><strong>immorta-</strong></span> 
     </span>
    </p>
   </div>
   <div class='ocr_carea' id='block_1_4' title="bbox 196 2171 1291 2304">
    <p class='ocr_par' dir='ltr' id='par_1_6' title="bbox 196 2171 1291 2304">
     <span class='ocr_line' id='line_1_16' title="bbox 228 2171 1291 2240; baseline 0 -19"><span class='ocrx_word' id='word_1_110' title='bbox 228 2180 240 2203; x_wconf 85' lang='lat'><strong>·</strong></span> <span class='ocrx_word' id='word_1_111' title='bbox 254 2174 329 2224; x_wconf 80' lang='lat' dir='ltr'><strong>credo</strong></span> <span class='ocrx_word' id='word_1_112' title='bbox 339 2176 406 2224; x_wconf 73' lang='lat' dir='ltr'><strong>idum</strong></span> <span class='ocrx_word' id='word_1_113' title='bbox 416 2179 482 2239; x_wconf 77' lang='lat' dir='ltr'><strong>quusi</strong></span> <span class='ocrx_word' id='word_1_114' title='bbox 499 2175 605 2238; x_wconf 72' lang='lat' dir='ltr'><strong>maligue</strong></span> <span class='ocrx_word' id='word_1_115' title='bbox 621 2177 725 2226; x_wconf 68' lang='lat' dir='ltr'><strong>dm</strong></span> <span class='ocrx_word' id='word_1_116' title='bbox 738 2176 846 2236; x_wconf 73' lang='lat' dir='ltr'><strong>serim</strong></span> <span class='ocrx_word' id='word_1_117' title='bbox 862 2175 963 2239; x_wconf 68' lang='lat' dir='ltr'><strong>caligias</strong></span> <span class='ocrx_word' id='word_1_118' title='bbox 982 2175 1083 2240; x_wconf 81' lang='lat' dir='ltr'><strong>effsssm</strong></span> <span class='ocrx_word' id='word_1_119' title='bbox 1099 2175 1125 2223; x_wconf 84' lang='lat' dir='ltr'><strong>is</strong></span> <span class='ocrx_word' id='word_1_120' title='bbox 1136 2171 1291 2222; x_wconf 59' lang='lat' dir='ltr'><strong>&amp;chumis</strong></span> 
     </span>
     <span class='ocr_line' id='line_1_17' title="bbox 196 2240 1163 2304; baseline 0.008 -21"><span class='ocrx_word' id='word_1_121' title='bbox 196 2240 424 2303; x_wconf 60' lang='lat' dir='ltr'><strong>cruentasses,</strong></span> <span class='ocrx_word' id='word_1_122' title='bbox 432 2245 459 2290; x_wconf 81' lang='lat' dir='ltr'><strong>st</strong></span> <span class='ocrx_word' id='word_1_123' title='bbox 468 2242 494 2290; x_wconf 85' lang='lat' dir='ltr'><strong>is</strong></span> <span class='ocrx_word' id='word_1_124' title='bbox 504 2246 620 2292; x_wconf 72' lang='lat' dir='ltr'><strong>metm</strong></span> <span class='ocrx_word' id='word_1_125' title='bbox 629 2241 695 2290; x_wconf 82' lang='lat' dir='ltr'><strong>iilius</strong></span> <span class='ocrx_word' id='word_1_126' title='bbox 704 2241 805 2290; x_wconf 70' lang='lat' dir='ltr'><strong>russea</strong></span> <span class='ocrx_word' id='word_1_127' title='bbox 813 2241 1026 2304; x_wconf 61' lang='lat' dir='ltr'><strong>adimplendus</strong></span> <span class='ocrx_word' id='word_1_128' title='bbox 1041 2241 1163 2290; x_wconf 66' lang='lat' dir='ltr'><strong>euveni.</strong></span> 
     </span>
    </p>
   </div>
   <div class='ocr_carea' id='block_1_5' title="bbox 646 2399 827 2420">
    <p class='ocr_par' dir='ltr' id='par_1_7' title="bbox 646 2399 827 2420">
     <span class='ocr_line' id='line_1_18' title="bbox 646 2399 827 2420; baseline 0 0"><span class='ocrx_word' id='word_1_129' title='bbox 646 2399 827 2420; x_wconf 59' lang='lat' dir='ltr'><strong>WOWN</strong></span> 
     </span>
    </p>
   </div>
   <div class='ocr_carea' id='block_1_6' title="bbox 193 2519 1294 3926">
    <p class='ocr_par' dir='ltr' id='par_1_8' title="bbox 193 2519 1294 3926">
     <span class='ocr_line' id='line_1_19' title="bbox 198 2519 1291 2585; baseline 0.004 -17"><span class='ocrx_word' id='word_1_130' title='bbox 198 2519 297 2575; x_wconf 66' lang='lat' dir='ltr'><strong>reims.-</strong></span> <span class='ocrx_word' id='word_1_131' title='bbox 314 2521 359 2570; x_wconf 86' lang='lat' dir='ltr'><strong>sed</strong></span> <span class='ocrx_word' id='word_1_132' title='bbox 377 2520 480 2584; x_wconf 86' lang='lat' dir='ltr'><strong>plurimi</strong></span> <span class='ocrx_word' id='word_1_133' title='bbox 499 2523 574 2572; x_wconf 87' lang='lat' dir='ltr'><strong>codd.</strong></span> <span class='ocrx_word' id='word_1_134' title='bbox 591 2539 650 2574; x_wconf 86' lang='lat' dir='ltr'><strong>eum</strong></span> <span class='ocrx_word' id='word_1_135' title='bbox 666 2525 724 2576; x_wconf 88' lang='lat' dir='ltr'><strong>edd.</strong></span> <span class='ocrx_word' id='word_1_136' title='bbox 741 2532 807 2575; x_wconf 89' lang='lat' dir='ltr'><strong>sett.</strong></span> <span class='ocrx_word' id='word_1_137' title='bbox 825 2523 903 2575; x_wconf 78' lang='lat' dir='ltr'><strong>aierit</strong></span> <span class='ocrx_word' id='word_1_138' title='bbox 914 2527 1073 2573; x_wconf 73' lang='lat' dir='ltr'><strong>servent-8</strong></span> <span class='ocrx_word' id='word_1_139' title='bbox 1091 2521 1135 2571; x_wconf 82' lang='lat' dir='ltr'><strong>Its</strong></span> <span class='ocrx_word' id='word_1_140' title='bbox 1152 2522 1258 2585; x_wconf 77' lang='lat' dir='ltr'><strong>Pighius</strong></span> <span class='ocrx_word' id='word_1_141' title='bbox 1275 2535 1291 2572; x_wconf 91' lang='lat' dir='ltr'><strong>e</strong></span> 
     </span>
     <span class='ocr_line' id='line_1_20' title="bbox 198 2583 1291 2652; baseline 0.005 -21"><span class='ocrx_word' id='word_1_142' title='bbox 198 2583 282 2632; x_wconf 84' lang='lat' dir='ltr'><strong>Pulso.</strong></span> <span class='ocrx_word' id='word_1_143' title='bbox 294 2584 383 2633; x_wconf 87' lang='lat' dir='ltr'><strong>Coton.</strong></span> <span class='ocrx_word' id='word_1_144' title='bbox 395 2585 590 2652; x_wconf 68' lang='lat' dir='ltr'><strong>cistransque</strong></span> <span class='ocrx_word' id='word_1_145' title='bbox 602 2598 654 2639; x_wconf 89' lang='lat' dir='ltr'><strong>tres</strong></span> <span class='ocrx_word' id='word_1_146' title='bbox 665 2589 831 2649; x_wconf 63' lang='lat' dir='ltr'><strong>&#39;terrentem</strong></span> <span class='ocrx_word' id='word_1_147' title='bbox 850 2596 902 2638; x_wconf 89' lang='lat' dir='ltr'><strong>tres</strong></span> <span class='ocrx_word' id='word_1_148' title='bbox 921 2589 965 2638; x_wconf 88' lang='lat' dir='ltr'><strong>slli</strong></span> <span class='ocrx_word' id='word_1_149' title='bbox 985 2587 1112 2652; x_wconf 72' lang='lat' dir='ltr'><strong>Figulum,</strong></span> <span class='ocrx_word' id='word_1_150' title='bbox 1125 2587 1220 2635; x_wconf 84' lang='lat' dir='ltr'><strong>Brund.</strong></span> <span class='ocrx_word' id='word_1_151' title='bbox 1232 2588 1255 2635; x_wconf 92' lang='lat' dir='ltr'><strong>l.</strong></span> <span class='ocrx_word' id='word_1_152' title='bbox 1265 2589 1291 2636; x_wconf 73' lang='lat'><strong>2.</strong></span> 
     </span>
     <span class='ocr_line' id='line_1_21' title="bbox 197 2648 1291 2719; baseline 0.003 -24"><span class='ocrx_word' id='word_1_153' title='bbox 197 2653 225 2696; x_wconf 84' lang='lat' dir='ltr'><strong>et</strong></span> <span class='ocrx_word' id='word_1_154' title='bbox 235 2648 310 2696; x_wconf 86' lang='lat' dir='ltr'><strong>multi</strong></span> <span class='ocrx_word' id='word_1_155' title='bbox 320 2649 431 2698; x_wconf 85' lang='lat' dir='ltr'><strong>Torren.</strong></span> <span class='ocrx_word' id='word_1_156' title='bbox 440 2654 602 2711; x_wconf 67' lang='lat' dir='ltr'><strong>redamare,</strong></span> <span class='ocrx_word' id='word_1_157' title='bbox 620 2654 714 2719; x_wconf 87' lang='lat' dir='ltr'><strong>Ultruj.</strong></span> <span class='ocrx_word' id='word_1_158' title='bbox 732 2659 754 2703; x_wconf 91' lang='lat' dir='ltr'><strong>l.</strong></span> <span class='ocrx_word' id='word_1_159' title='bbox 772 2659 800 2703; x_wconf 80' lang='lat' dir='ltr'><strong>et</strong></span> <span class='ocrx_word' id='word_1_160' title='bbox 815 2654 873 2702; x_wconf 81' lang='lat' dir='ltr'><strong>vet.</strong></span> <span class='ocrx_word' id='word_1_161' title='bbox 883 2665 908 2702; x_wconf 81' lang='lat' dir='ltr'><strong>ss</strong></span> <span class='ocrx_word' id='word_1_162' title='bbox 922 2667 984 2715; x_wconf 75' lang='lat' dir='ltr'><strong>sape</strong></span> <span class='ocrx_word' id='word_1_163' title='bbox 994 2655 1163 2702; x_wconf 70' lang='lat' dir='ltr'><strong>domeure-t</strong></span> <span class='ocrx_word' id='word_1_164' title='bbox 1181 2649 1224 2699; x_wconf 87' lang='lat' dir='ltr'><strong>ltu</strong></span> <span class='ocrx_word' id='word_1_165' title='bbox 1236 2665 1291 2699; x_wconf 91' lang='lat' dir='ltr'><strong>rur-</strong></span> 
     </span>
     <span class='ocr_line' id='line_1_22' title="bbox 195 2711 1292 2783; baseline 0.005 -25"><span class='ocrx_word' id='word_1_166' title='bbox 195 2725 238 2758; x_wconf 87' lang='lat' dir='ltr'><strong>sus</strong></span> <span class='ocrx_word' id='word_1_167' title='bbox 252 2711 281 2758; x_wconf 88' lang='lat' dir='ltr'><strong>Pi</strong></span> <span class='ocrx_word' id='word_1_168' title='bbox 301 2712 358 2760; x_wconf 87' lang='lat' dir='ltr'><strong>hius</strong></span> <span class='ocrx_word' id='word_1_169' title='bbox 369 2728 385 2761; x_wconf 88' lang='lat' dir='ltr'><strong>e</strong></span> <span class='ocrx_word' id='word_1_170' title='bbox 396 2713 473 2763; x_wconf 88' lang='lat' dir='ltr'><strong>codd.</strong></span> <span class='ocrx_word' id='word_1_171' title='bbox 486 2716 548 2766; x_wconf 81' lang='lat' dir='ltr'><strong>Mus.</strong></span> <span class='ocrx_word' id='word_1_172' title='bbox 566 2717 599 2766; x_wconf 81' lang='lat' dir='ltr'><strong>Et</strong></span> <span class='ocrx_word' id='word_1_173' title='bbox 608 2717 685 2768; x_wconf 80' lang='lat' dir='ltr'><strong>habet</strong></span> <span class='ocrx_word' id='word_1_174' title='bbox 694 2732 797 2783; x_wconf 86' lang='lat' dir='ltr'><strong>quoque</strong></span> <span class='ocrx_word' id='word_1_175' title='bbox 807 2719 845 2766; x_wconf 85' lang='lat' dir='ltr'><strong>itu</strong></span> <span class='ocrx_word' id='word_1_176' title='bbox 856 2723 966 2781; x_wconf 87' lang='lat' dir='ltr'><strong>uterque</strong></span> <span class='ocrx_word' id='word_1_177' title='bbox 978 2717 1036 2766; x_wconf 90' lang='lat' dir='ltr'><strong>cod.</strong></span> <span class='ocrx_word' id='word_1_178' title='bbox 1048 2715 1146 2765; x_wconf 86' lang='lat' dir='ltr'><strong>Brund.</strong></span> <span class='ocrx_word' id='word_1_179' title='bbox 1159 2715 1204 2763; x_wconf 85' lang='lat' dir='ltr'><strong>sed</strong></span> <span class='ocrx_word' id='word_1_180' title='bbox 1217 2714 1292 2764; x_wconf 85' lang='lat' dir='ltr'><strong>Clrsl·</strong></span> 
     </span>
     <span class='ocr_line' id='line_1_23' title="bbox 197 2726 1291 2904; baseline 0.006 -20"><span class='ocrx_word' id='word_1_181' title='bbox 197 2726 394 2884; x_wconf 72' lang='lat' dir='ltr'><strong>ttttittnt</strong></span> <span class='ocrx_word' id='word_1_182' title='bbox 404 2774 621 2890; x_wconf 57' lang='lat' dir='ltr'><strong>tinette</strong></span> <span class='ocrx_word' id='word_1_183' title='bbox 631 2779 1291 2904; x_wconf 57' lang='lat' dir='ltr'><strong>utumrttttrttettttsattt</strong></span> 
     </span>
     <span class='ocr_line' id='line_1_24' title="bbox 215 2860 1289 2896; baseline 0 -2"><span class='ocrx_word' id='word_1_184' title='bbox 215 2867 222 2884; x_wconf 73' lang='lat'><strong><em>‘</em></strong></span> <span class='ocrx_word' id='word_1_185' title='bbox 398 2871 404 2884; x_wconf 84' lang='lat'><strong>¹</strong></span> <span class='ocrx_word' id='word_1_186' title='bbox 615 2878 622 2892; x_wconf 74' lang='lat' dir='ltr'><strong>e</strong></span> <span class='ocrx_word' id='word_1_187' title='bbox 683 2861 735 2896; x_wconf 64' lang='lat'><strong>‘0⁸¹&#39;</strong></span> <span class='ocrx_word' id='word_1_188' title='bbox 793 2860 808 2894; x_wconf 83' lang='lat'>0</span> <span class='ocrx_word' id='word_1_189' title='bbox 819 2861 833 2893; x_wconf 69' lang='lat'>0</span> <span class='ocrx_word' id='word_1_190' title='bbox 1002 2880 1009 2894; x_wconf 79' lang='lat' dir='ltr'><strong>s</strong></span> <span class='ocrx_word' id='word_1_191' title='bbox 1280 2869 1289 2882; x_wconf 79' lang='lat'>⁸</span> 
     </span>
     <span class='ocr_line' id='line_1_25' title="bbox 197 2858 1204 2970; baseline 0.005 -21"><span class='ocrx_word' id='word_1_192' title='bbox 197 2909 240 2949; x_wconf 87' lang='lat' dir='ltr'><strong>trs</strong></span> <span class='ocrx_word' id='word_1_193' title='bbox 251 2913 340 2948; x_wconf 73' lang='lat' dir='ltr'><strong>onnes</strong></span> <span class='ocrx_word' id='word_1_194' title='bbox 350 2899 413 2948; x_wconf 86' lang='lat' dir='ltr'><strong>slios</strong></span> <span class='ocrx_word' id='word_1_195' title='bbox 424 2901 500 2952; x_wconf 86' lang='lat' dir='ltr'><strong>codd.</strong></span> <span class='ocrx_word' id='word_1_196' title='bbox 512 2911 539 2950; x_wconf 88' lang='lat' dir='ltr'><strong>et</strong></span> <span class='ocrx_word' id='word_1_197' title='bbox 548 2858 685 2956; x_wconf 43' lang='lat' dir='ltr'><strong>eddffsett.</strong></span> <span class='ocrx_word' id='word_1_198' title='bbox 705 2909 769 2956; x_wconf 82' lang='lat' dir='ltr'><strong>Mox</strong></span> <span class='ocrx_word' id='word_1_199' title='bbox 779 2913 815 2956; x_wconf 86' lang='lat' dir='ltr'><strong>est</strong></span> <span class='ocrx_word' id='word_1_200' title='bbox 828 2914 886 2970; x_wconf 89' lang='lat' dir='ltr'><strong>post</strong></span> <span class='ocrx_word' id='word_1_201' title='bbox 901 2907 1161 2957; x_wconf 63' lang='lat' dir='ltr'><strong>eumoccidit</strong></span> <span class='ocrx_word' id='word_1_202' title='bbox 1172 2907 1204 2955; x_wconf 85' lang='lat' dir='ltr'><strong>Pi</strong></span> 
     </span>
     <span class='ocr_line' id='line_1_26' title="bbox 196 2922 1292 3035; baseline 0.005 -23"><span class='ocrx_word' id='word_1_203' title='bbox 196 2963 265 3028; x_wconf 88' lang='lat' dir='ltr'><strong>quod</strong></span> <span class='ocrx_word' id='word_1_204' title='bbox 276 2963 374 3013; x_wconf 82' lang='lat' dir='ltr'><strong>hubent</strong></span> <span class='ocrx_word' id='word_1_205' title='bbox 385 2964 464 3012; x_wconf 85' lang='lat' dir='ltr'><strong>etium</strong></span> <span class='ocrx_word' id='word_1_206' title='bbox 475 2963 593 3013; x_wconf 80' lang='lat' dir='ltr'><strong>undecim</strong></span> <span class='ocrx_word' id='word_1_207' title='bbox 605 2966 681 3014; x_wconf 87' lang='lat' dir='ltr'><strong>codd.</strong></span> <span class='ocrx_word' id='word_1_208' title='bbox 696 2969 804 3016; x_wconf 77' lang='lat' dir='ltr'><strong>Torren.</strong></span> <span class='ocrx_word' id='word_1_209' title='bbox 824 2969 925 3018; x_wconf 78' lang='lat' dir='ltr'><strong>addidit</strong></span> <span class='ocrx_word' id='word_1_210' title='bbox 935 2985 1037 3035; x_wconf 85' lang='lat' dir='ltr'><strong>qnoque</strong></span> <span class='ocrx_word' id='word_1_211' title='bbox 1048 2985 1195 3033; x_wconf 76' lang='lat' dir='ltr'><strong>praenomen</strong></span> <span class='ocrx_word' id='word_1_212' title='bbox 1207 2922 1237 3018; x_wconf 59' lang='grc' dir='ltr'><strong>ἱ.</strong></span> <span class='ocrx_word' id='word_1_213' title='bbox 1248 2969 1292 3017; x_wconf 90' lang='lat' dir='ltr'><strong>tir·</strong></span> 
     </span>
     <span class='ocr_line' id='line_1_27' title="bbox 196 3027 1292 3094; baseline 0.003 -17"><span class='ocrx_word' id='word_1_214' title='bbox 196 3029 328 3078; x_wconf 78' lang='lat' dir='ltr'><strong>mantibus</strong></span> <span class='ocrx_word' id='word_1_215' title='bbox 347 3027 477 3092; x_wconf 83' lang='lat' dir='ltr'><strong>plerisque</strong></span> <span class='ocrx_word' id='word_1_216' title='bbox 495 3027 571 3077; x_wconf 87' lang='lat' dir='ltr'><strong>codd.</strong></span> <span class='ocrx_word' id='word_1_217' title='bbox 587 3029 694 3077; x_wconf 76' lang='lat' dir='ltr'><strong>&#39;romeu</strong></span> <span class='ocrx_word' id='word_1_218' title='bbox 707 3036 735 3078; x_wconf 87' lang='lat' dir='ltr'><strong>et</strong></span> <span class='ocrx_word' id='word_1_219' title='bbox 753 3030 824 3090; x_wconf 73' lang='lat' dir='ltr'><strong>Meg.</strong></span> <span class='ocrx_word' id='word_1_220' title='bbox 844 3031 916 3075; x_wconf 83' lang='lat' dir='ltr'><strong>dedit</strong></span> <span class='ocrx_word' id='word_1_221' title='bbox 926 3033 1003 3078; x_wconf 79' lang='lat' dir='ltr'><strong>etism</strong></span> <span class='ocrx_word' id='word_1_222' title='bbox 1019 3035 1041 3079; x_wconf 80' lang='lat' dir='ltr'><strong>ts</strong></span> <span class='ocrx_word' id='word_1_223' title='bbox 1058 3040 1190 3094; x_wconf 65' lang='lat' dir='ltr'><strong>mquam,</strong></span> <span class='ocrx_word' id='word_1_224' title='bbox 1201 3041 1292 3082; x_wconf 82' lang='lat' dir='ltr'><strong>contro</strong></span> 
     </span>
     <span class='ocr_line' id='line_1_28' title="bbox 197 3089 1292 3168; baseline 0.002 -28"><span class='ocrx_word' id='word_1_225' title='bbox 197 3107 285 3141; x_wconf 83' lang='lat' dir='ltr'><strong>omues</strong></span> <span class='ocrx_word' id='word_1_226' title='bbox 298 3089 374 3142; x_wconf 83' lang='lat' dir='ltr'><strong>codd.</strong></span> <span class='ocrx_word' id='word_1_227' title='bbox 392 3100 420 3141; x_wconf 88' lang='lat' dir='ltr'><strong>et</strong></span> <span class='ocrx_word' id='word_1_228' title='bbox 439 3091 500 3141; x_wconf 87' lang='lat' dir='ltr'><strong>edd.</strong></span> <span class='ocrx_word' id='word_1_229' title='bbox 513 3098 579 3142; x_wconf 80' lang='lat' dir='ltr'><strong>vett.</strong></span> <span class='ocrx_word' id='word_1_230' title='bbox 591 3091 774 3156; x_wconf 74' lang='lat' dir='ltr'><strong>defatigaretur,</strong></span> <span class='ocrx_word' id='word_1_231' title='bbox 793 3095 923 3154; x_wconf 70' lang='lat' dir='ltr'><strong>postumus,</strong></span> <span class='ocrx_word' id='word_1_232' title='bbox 940 3093 982 3168; x_wconf 53' lang='lat' dir='ltr'><strong>qe.</strong></span> <span class='ocrx_word' id='word_1_233' title='bbox 1000 3093 1098 3140; x_wconf 83' lang='lat' dir='ltr'><strong>Medic.</strong></span> <span class='ocrx_word' id='word_1_234' title='bbox 1114 3099 1189 3142; x_wconf 79' lang='lat' dir='ltr'><strong>u.-tt</strong></span> <span class='ocrx_word' id='word_1_235' title='bbox 1206 3095 1292 3142; x_wconf 83' lang='lat' dir='ltr'><strong>ltuex</strong></span> 
     </span>
     <span class='ocr_line' id='line_1_29' title="bbox 197 3154 1293 3221; baseline -0.002 -15"><span class='ocrx_word' id='word_1_236' title='bbox 197 3156 274 3206; x_wconf 88' lang='lat' dir='ltr'><strong>codd.</strong></span> <span class='ocrx_word' id='word_1_237' title='bbox 291 3157 345 3205; x_wconf 78' lang='lat' dir='ltr'><strong>suis</strong></span> <span class='ocrx_word' id='word_1_238' title='bbox 363 3156 515 3206; x_wconf 78' lang='lat' dir='ltr'><strong>Torrentur:</strong></span> <span class='ocrx_word' id='word_1_239' title='bbox 534 3156 642 3219; x_wconf 74' lang='lat' dir='ltr'><strong>Piglrius</strong></span> <span class='ocrx_word' id='word_1_240' title='bbox 663 3157 757 3221; x_wconf 82' lang='lat' dir='ltr'><strong>aliique</strong></span> <span class='ocrx_word' id='word_1_241' title='bbox 779 3155 922 3206; x_wconf 85' lang='lat' dir='ltr'><strong>dederunt:</strong></span> <span class='ocrx_word' id='word_1_242' title='bbox 941 3155 1001 3205; x_wconf 76' lang='lat' dir='ltr'><strong>ssi.</strong></span> <span class='ocrx_word' id='word_1_243' title='bbox 1018 3154 1073 3214; x_wconf 70' lang='lat' dir='ltr'><strong>es.</strong></span> <span class='ocrx_word' id='word_1_244' title='bbox 1085 3155 1197 3216; x_wconf 63' lang='lat' dir='ltr'><strong>malisse</strong></span> <span class='ocrx_word' id='word_1_245' title='bbox 1206 3155 1293 3206; x_wconf 73' lang='lat' dir='ltr'><strong>ubils.</strong></span> 
     </span>
     <span class='ocr_line' id='line_1_30' title="bbox 197 3219 1294 3284; baseline 0.002 -16"><span class='ocrx_word' id='word_1_246' title='bbox 197 3220 262 3268; x_wconf 82' lang='lat' dir='ltr'><strong>Mox</strong></span> <span class='ocrx_word' id='word_1_247' title='bbox 274 3219 367 3268; x_wconf 85' lang='lat' dir='ltr'><strong>‘iidem</strong></span> <span class='ocrx_word' id='word_1_248' title='bbox 376 3219 504 3282; x_wconf 77' lang='lat' dir='ltr'><strong>perfusum.</strong></span> <span class='ocrx_word' id='word_1_249' title='bbox 535 3221 672 3270; x_wconf 85' lang='lat' dir='ltr'><strong>&#39;l&#39;orrenins</strong></span> <span class='ocrx_word' id='word_1_250' title='bbox 683 3227 767 3284; x_wconf 82' lang='lat' dir='ltr'><strong>putat,</strong></span> <span class='ocrx_word' id='word_1_251' title='bbox 778 3220 910 3270; x_wconf 75' lang='lat' dir='ltr'><strong>Valerium</strong></span> <span class='ocrx_word' id='word_1_252' title='bbox 919 3219 1054 3282; x_wconf 85' lang='lat' dir='ltr'><strong>scripsisse</strong></span> <span class='ocrx_word' id='word_1_253' title='bbox 1064 3236 1071 3270; x_wconf 83' lang='lat' dir='ltr'><strong>r</strong></span> <span class='ocrx_word' id='word_1_254' title='bbox 1091 3219 1252 3283; x_wconf 81' lang='lat' dir='ltr'><strong>useriusu..·,</strong></span> <span class='ocrx_word' id='word_1_255' title='bbox 1263 3230 1294 3271; x_wconf 87' lang='lat' dir='ltr'><strong>nt</strong></span> 
     </span>
     <span class='ocr_line' id='line_1_31' title="bbox 198 3283 1294 3348; baseline 0.002 -16"><span class='ocrx_word' id='word_1_256' title='bbox 198 3297 287 3332; x_wconf 85' lang='lat' dir='ltr'><strong>sensus</strong></span> <span class='ocrx_word' id='word_1_257' title='bbox 307 3285 356 3334; x_wconf 88' lang='lat' dir='ltr'><strong>sit:</strong></span> <span class='ocrx_word' id='word_1_258' title='bbox 375 3284 460 3334; x_wconf 87' lang='lat' dir='ltr'><strong>Credo</strong></span> <span class='ocrx_word' id='word_1_259' title='bbox 479 3283 608 3334; x_wconf 73' lang='lat' dir='ltr'><strong>inmunem</strong></span> <span class='ocrx_word' id='word_1_260' title='bbox 619 3285 700 3348; x_wconf 88' lang='lat' dir='ltr'><strong>ipsius</strong></span> <span class='ocrx_word' id='word_1_261' title='bbox 711 3284 911 3335; x_wconf 78' lang='lat' dir='ltr'><strong>adolescentium</strong></span> <span class='ocrx_word' id='word_1_262' title='bbox 923 3283 982 3333; x_wconf 89' lang='lat' dir='ltr'><strong>ideo</strong></span> <span class='ocrx_word' id='word_1_263' title='bbox 993 3284 1128 3333; x_wconf 81' lang='lat' dir='ltr'><strong>obscurum</strong></span> <span class='ocrx_word' id='word_1_264' title='bbox 1141 3292 1168 3333; x_wconf 86' lang='lat' dir='ltr'><strong>et</strong></span> <span class='ocrx_word' id='word_1_265' title='bbox 1179 3293 1294 3335; x_wconf 83' lang='lat' dir='ltr'><strong>coutetu-</strong></span> 
     </span>
     <span class='ocr_line' id='line_1_32' title="bbox 199 3345 1291 3414; baseline 0.003 -18"><span class='ocrx_word' id='word_1_266' title='bbox 199 3357 252 3396; x_wconf 81' lang='lat' dir='ltr'><strong>tem</strong></span> <span class='ocrx_word' id='word_1_267' title='bbox 265 3348 420 3410; x_wconf 79' lang='lat' dir='ltr'><strong>reddidisse,</strong></span> <span class='ocrx_word' id='word_1_268' title='bbox 437 3357 466 3399; x_wconf 91' lang='lat' dir='ltr'><strong>nt</strong></span> <span class='ocrx_word' id='word_1_269' title='bbox 478 3359 598 3398; x_wconf 86' lang='lat' dir='ltr'><strong>senectus</strong></span> <span class='ocrx_word' id='word_1_270' title='bbox 610 3349 667 3414; x_wconf 83' lang='lat' dir='ltr'><strong>ejus</strong></span> <span class='ocrx_word' id='word_1_271' title='bbox 679 3357 751 3399; x_wconf 79' lang='lat' dir='ltr'><strong>tento</strong></span> <span class='ocrx_word' id='word_1_272' title='bbox 762 3348 856 3397; x_wconf 86' lang='lat' dir='ltr'><strong>elurior</strong></span> <span class='ocrx_word' id='word_1_273' title='bbox 873 3355 900 3397; x_wconf 90' lang='lat' dir='ltr'><strong>et</strong></span> <span class='ocrx_word' id='word_1_274' title='bbox 917 3347 1006 3412; x_wconf 71' lang='lat' dir='ltr'><strong>gloriae</strong></span> <span class='ocrx_word' id='word_1_275' title='bbox 1018 3345 1121 3412; x_wconf 78' lang='lat' dir='ltr'><strong>fulgore</strong></span> <span class='ocrx_word' id='word_1_276' title='bbox 1133 3348 1291 3411; x_wconf 77' lang='lat' dir='ltr'><strong>splendidior</strong></span> 
     </span>
     <span class='ocr_line' id='line_1_33' title="bbox 197 3411 1291 3477; baseline 0.001 -17"><span class='ocrx_word' id='word_1_277' title='bbox 197 3419 274 3462; x_wconf 82' lang='lat' dir='ltr'><strong>esset.</strong></span> <span class='ocrx_word' id='word_1_278' title='bbox 307 3412 356 3461; x_wconf 78' lang='lat' dir='ltr'><strong>Ast</strong></span> <span class='ocrx_word' id='word_1_279' title='bbox 365 3412 444 3462; x_wconf 71' lang='lat' dir='ltr'><strong>nubilo</strong></span> <span class='ocrx_word' id='word_1_280' title='bbox 454 3413 514 3462; x_wconf 85' lang='lat' dir='ltr'><strong>mihi</strong></span> <span class='ocrx_word' id='word_1_281' title='bbox 525 3413 628 3462; x_wconf 81' lang='lat' dir='ltr'><strong>uidetur</strong></span> <span class='ocrx_word' id='word_1_282' title='bbox 638 3427 690 3463; x_wconf 88' lang='lat' dir='ltr'><strong>non</strong></span> <span class='ocrx_word' id='word_1_283' title='bbox 701 3414 857 3475; x_wconf 84' lang='lat' dir='ltr'><strong>sdjecttvum</strong></span> <span class='ocrx_word' id='word_1_284' title='bbox 869 3426 936 3472; x_wconf 85' lang='lat' dir='ltr'><strong>esse,</strong></span> <span class='ocrx_word' id='word_1_285' title='bbox 946 3412 1015 3477; x_wconf 84' lang='lat' dir='ltr'><strong>qnod</strong></span> <span class='ocrx_word' id='word_1_286' title='bbox 1025 3413 1057 3461; x_wconf 90' lang='lat' dir='ltr'><strong>ud</strong></span> <span class='ocrx_word' id='word_1_287' title='bbox 1069 3418 1187 3463; x_wconf 73' lang='lat' dir='ltr'><strong>scelests</strong></span> <span class='ocrx_word' id='word_1_288' title='bbox 1198 3411 1291 3461; x_wconf 83' lang='lat' dir='ltr'><strong>ret&#39;ers·</strong></span> 
     </span>
     <span class='ocr_line' id='line_1_34' title="bbox 197 3476 1290 3539; baseline 0 -14"><span class='ocrx_word' id='word_1_289' title='bbox 197 3485 247 3532; x_wconf 86' lang='lat' dir='ltr'><strong>tnr,</strong></span> <span class='ocrx_word' id='word_1_290' title='bbox 256 3483 285 3525; x_wconf 92' lang='lat' dir='ltr'><strong>ut</strong></span> <span class='ocrx_word' id='word_1_291' title='bbox 295 3477 432 3526; x_wconf 80' lang='lat' dir='ltr'><strong>Torrentur</strong></span> <span class='ocrx_word' id='word_1_292' title='bbox 443 3477 508 3538; x_wconf 87' lang='lat' dir='ltr'><strong>suit,</strong></span> <span class='ocrx_word' id='word_1_293' title='bbox 522 3477 568 3526; x_wconf 88' lang='lat' dir='ltr'><strong>sed</strong></span> <span class='ocrx_word' id='word_1_294' title='bbox 580 3477 778 3538; x_wconf 77' lang='lat' dir='ltr'><strong>substantivum,</strong></span> <span class='ocrx_word' id='word_1_295' title='bbox 789 3484 819 3526; x_wconf 87' lang='lat' dir='ltr'><strong>ut</strong></span> <span class='ocrx_word' id='word_1_296' title='bbox 826 3478 930 3536; x_wconf 74' lang='lat' dir='ltr'><strong>serisso</strong></span> <span class='ocrx_word' id='word_1_297' title='bbox 940 3476 1019 3526; x_wconf 77' lang='lat' dir='ltr'><strong>estiis</strong></span> <span class='ocrx_word' id='word_1_298' title='bbox 1029 3477 1064 3525; x_wconf 87' lang='lat' dir='ltr'><strong>sit</strong></span> <span class='ocrx_word' id='word_1_299' title='bbox 1076 3476 1180 3526; x_wconf 74' lang='lat' dir='ltr'><strong>fortune</strong></span> <span class='ocrx_word' id='word_1_300' title='bbox 1192 3477 1290 3539; x_wconf 82' lang='lat' dir='ltr'><strong>nubile,</strong></span> 
     </span>
     <span class='ocr_line' id='line_1_35' title="bbox 196 3539 1291 3604; baseline 0.001 -16"><span class='ocrx_word' id='word_1_301' title='bbox 196 3540 315 3602; x_wconf 80' lang='lat' dir='ltr'><strong>adseres,</strong></span> <span class='ocrx_word' id='word_1_302' title='bbox 327 3541 405 3590; x_wconf 86' lang='lat' dir='ltr'><strong>tristi.</strong></span> <span class='ocrx_word' id='word_1_303' title='bbox 440 3541 515 3592; x_wconf 86' lang='lat' dir='ltr'><strong>Meus</strong></span> <span class='ocrx_word' id='word_1_304' title='bbox 526 3542 622 3591; x_wconf 75' lang='lat' dir='ltr'><strong>Valerii</strong></span> <span class='ocrx_word' id='word_1_305' title='bbox 633 3543 713 3603; x_wconf 87' lang='lat' dir='ltr'><strong>clsrs,</strong></span> <span class='ocrx_word' id='word_1_306' title='bbox 723 3548 751 3590; x_wconf 89' lang='lat' dir='ltr'><strong>ut</strong></span> <span class='ocrx_word' id='word_1_307' title='bbox 762 3542 829 3590; x_wconf 80' lang='lat' dir='ltr'><strong>ratio</strong></span> <span class='ocrx_word' id='word_1_308' title='bbox 840 3541 1038 3591; x_wconf 84' lang='lat' dir='ltr'><strong>constructionis</strong></span> <span class='ocrx_word' id='word_1_309' title='bbox 1049 3539 1176 3604; x_wconf 76' lang='lat' dir='ltr'><strong>implicite</strong></span> <span class='ocrx_word' id='word_1_310' title='bbox 1186 3549 1214 3590; x_wconf 91' lang='lat' dir='ltr'><strong>et</strong></span> <span class='ocrx_word' id='word_1_311' title='bbox 1225 3539 1291 3590; x_wconf 84' lang='lat' dir='ltr'><strong>diffi-</strong></span> 
     </span>
     <span class='ocr_line' id='line_1_36' title="bbox 197 3604 1291 3669; baseline 0.002 -17"><span class='ocrx_word' id='word_1_312' title='bbox 197 3604 260 3654; x_wconf 89' lang='lat' dir='ltr'><strong>cilis.</strong></span> <span class='ocrx_word' id='word_1_313' title='bbox 294 3605 349 3668; x_wconf 73' lang='lat' dir='ltr'><strong>Ego</strong></span> <span class='ocrx_word' id='word_1_314' title='bbox 361 3604 399 3654; x_wconf 90' lang='lat' dir='ltr'><strong>sic</strong></span> <span class='ocrx_word' id='word_1_315' title='bbox 418 3605 537 3668; x_wconf 83' lang='lat' dir='ltr'><strong>explico:</strong></span> <span class='ocrx_word' id='word_1_316' title='bbox 560 3605 587 3654; x_wconf 84' lang='lat' dir='ltr'><strong>is</strong></span> <span class='ocrx_word' id='word_1_317' title='bbox 604 3605 657 3669; x_wconf 79' lang='lat' dir='ltr'><strong>loe,</strong></span> <span class='ocrx_word' id='word_1_318' title='bbox 668 3607 685 3658; x_wconf 88' lang='lat' dir='ltr'><strong>i.</strong></span> <span class='ocrx_word' id='word_1_319' title='bbox 697 3619 721 3655; x_wconf 85' lang='lat' dir='ltr'><strong>e.</strong></span> <span class='ocrx_word' id='word_1_320' title='bbox 734 3612 884 3669; x_wconf 78' lang='lat' dir='ltr'><strong>prepterea,</strong></span> <span class='ocrx_word' id='word_1_321' title='bbox 895 3605 973 3669; x_wconf 87' lang='lat' dir='ltr'><strong>(care</strong></span> <span class='ocrx_word' id='word_1_322' title='bbox 982 3605 1050 3654; x_wconf 87' lang='lat' dir='ltr'><strong>enim</strong></span> <span class='ocrx_word' id='word_1_323' title='bbox 1061 3619 1118 3655; x_wconf 89' lang='lat' dir='ltr'><strong>cum</strong></span> <span class='ocrx_word' id='word_1_324' title='bbox 1130 3604 1255 3654; x_wconf 77' lang='lat' dir='ltr'><strong>Ascensio</strong></span> <span class='ocrx_word' id='word_1_325' title='bbox 1265 3606 1291 3654; x_wconf 87' lang='lat' dir='ltr'><strong>is</strong></span> 
     </span>
     <span class='ocr_line' id='line_1_37' title="bbox 196 3667 1290 3733; baseline 0.002 -17"><span class='ocrx_word' id='word_1_326' title='bbox 196 3667 238 3716; x_wconf 77' lang='lat' dir='ltr'><strong>loe</strong></span> <span class='ocrx_word' id='word_1_327' title='bbox 248 3682 306 3716; x_wconf 84' lang='lat' dir='ltr'><strong>cnm</strong></span> <span class='ocrx_word' id='word_1_328' title='bbox 317 3668 396 3717; x_wconf 66' lang='lat' dir='ltr'><strong>suido</strong></span> <span class='ocrx_word' id='word_1_329' title='bbox 406 3669 560 3733; x_wconf 61' lang='lat' dir='ltr'><strong>construas)</strong></span> <span class='ocrx_word' id='word_1_330' title='bbox 571 3671 647 3732; x_wconf 69' lang='lat' dir='ltr'><strong>medo,</strong></span> <span class='ocrx_word' id='word_1_331' title='bbox 652 3670 760 3731; x_wconf 76' lang='lat' dir='ltr'><strong>fortem</strong></span> <span class='ocrx_word' id='word_1_332' title='bbox 771 3669 859 3728; x_wconf 78' lang='lat' dir='ltr'><strong>sedile,</strong></span> <span class='ocrx_word' id='word_1_333' title='bbox 868 3669 884 3719; x_wconf 91' lang='lat' dir='ltr'><strong>i.</strong></span> <span class='ocrx_word' id='word_1_334' title='bbox 894 3683 919 3718; x_wconf 87' lang='lat' dir='ltr'><strong>e.</strong></span> <span class='ocrx_word' id='word_1_335' title='bbox 931 3669 998 3719; x_wconf 88' lang='lat' dir='ltr'><strong>tristi</strong></span> <span class='ocrx_word' id='word_1_336' title='bbox 1010 3667 1066 3718; x_wconf 85' lang='lat' dir='ltr'><strong>t&#39;uto</strong></span> <span class='ocrx_word' id='word_1_337' title='bbox 1073 3668 1192 3733; x_wconf 85' lang='lat' dir='ltr'><strong>quodum,</strong></span> <span class='ocrx_word' id='word_1_338' title='bbox 1202 3671 1290 3718; x_wconf 77' lang='lat' dir='ltr'><strong>adstes·</strong></span> 
     </span>
     <span class='ocr_line' id='line_1_38' title="bbox 196 3732 1289 3797; baseline 0.003 -18"><span class='ocrx_word' id='word_1_339' title='bbox 196 3732 281 3780; x_wconf 79' lang='lat' dir='ltr'><strong>centia</strong></span> <span class='ocrx_word' id='word_1_340' title='bbox 291 3737 407 3782; x_wconf 78' lang='lat' dir='ltr'><strong>mtersts</strong></span> <span class='ocrx_word' id='word_1_341' title='bbox 416 3733 533 3796; x_wconf 79' lang='lat' dir='ltr'><strong>perfusus,</strong></span> <span class='ocrx_word' id='word_1_342' title='bbox 552 3736 568 3782; x_wconf 91' lang='lat' dir='ltr'><strong>i.</strong></span> <span class='ocrx_word' id='word_1_343' title='bbox 579 3748 602 3783; x_wconf 88' lang='lat' dir='ltr'><strong>e.</strong></span> <span class='ocrx_word' id='word_1_344' title='bbox 615 3749 673 3783; x_wconf 87' lang='lat' dir='ltr'><strong>cum</strong></span> <span class='ocrx_word' id='word_1_345' title='bbox 692 3733 775 3783; x_wconf 82' lang='lat' dir='ltr'><strong>adhuc</strong></span> <span class='ocrx_word' id='word_1_346' title='bbox 792 3733 943 3782; x_wconf 77' lang='lat' dir='ltr'><strong>adolescens</strong></span> <span class='ocrx_word' id='word_1_347' title='bbox 955 3740 1034 3797; x_wconf 83' lang='lat' dir='ltr'><strong>esset,</strong></span> <span class='ocrx_word' id='word_1_348' title='bbox 1044 3739 1191 3782; x_wconf 87' lang='lat' dir='ltr'><strong>contemtus</strong></span> <span class='ocrx_word' id='word_1_349' title='bbox 1202 3742 1230 3781; x_wconf 89' lang='lat' dir='ltr'><strong>et</strong></span> <span class='ocrx_word' id='word_1_350' title='bbox 1241 3747 1289 3796; x_wconf 84' lang='lat' dir='ltr'><strong>pro</strong></span> 
     </span>
     <span class='ocr_line' id='line_1_39' title="bbox 196 3796 1291 3862; baseline 0.001 -19"><span class='ocrx_word' id='word_1_351' title='bbox 196 3796 276 3845; x_wconf 88' lang='lat' dir='ltr'><strong>nilrilo</strong></span> <span class='ocrx_word' id='word_1_352' title='bbox 298 3803 412 3862; x_wconf 84' lang='lat' dir='ltr'><strong>poturus,</strong></span> <span class='ocrx_word' id='word_1_353' title='bbox 429 3806 469 3856; x_wconf 88' lang='lat' dir='ltr'><strong>ut,</strong></span> <span class='ocrx_word' id='word_1_354' title='bbox 487 3803 536 3847; x_wconf 69' lang='lat' dir='ltr'><strong>erc.</strong></span> <span class='ocrx_word' id='word_1_355' title='bbox 565 3798 741 3862; x_wconf 85' lang='lat' dir='ltr'><strong>opponuntur</strong></span> <span class='ocrx_word' id='word_1_356' title='bbox 757 3798 879 3847; x_wconf 71' lang='lat' dir='ltr'><strong>subitost</strong></span> <span class='ocrx_word' id='word_1_357' title='bbox 895 3797 1012 3854; x_wconf 74' lang='lat' dir='ltr'><strong>lucidissr</strong></span> <span class='ocrx_word' id='word_1_358' title='bbox 1028 3801 1145 3845; x_wconf 73' lang='lat' dir='ltr'><strong>erstem</strong></span> <span class='ocrx_word' id='word_1_359' title='bbox 1163 3804 1190 3845; x_wconf 90' lang='lat' dir='ltr'><strong>et</strong></span> <span class='ocrx_word' id='word_1_360' title='bbox 1206 3797 1291 3853; x_wconf 67' lang='lat' dir='ltr'><strong>dcem:</strong></span> 
     </span>
     <span class='ocr_line' id='line_1_40' title="bbox 193 3859 1289 3926; baseline -0.001 -16"><span class='ocrx_word' id='word_1_361' title='bbox 193 3860 303 3923; x_wconf 69' lang='lat' dir='ltr'><strong>persam</strong></span> <span class='ocrx_word' id='word_1_362' title='bbox 315 3867 343 3911; x_wconf 89' lang='lat' dir='ltr'><strong>et</strong></span> <span class='ocrx_word' id='word_1_363' title='bbox 352 3861 497 3912; x_wconf 57' lang='lat' dir='ltr'><strong>misectur?</strong></span> <span class='ocrx_word' id='word_1_364' title='bbox 515 3862 602 3926; x_wconf 81' lang='lat' dir='ltr'><strong>Kspp.</strong></span> <span class='ocrx_word' id='word_1_365' title='bbox 612 3861 723 3924; x_wconf 66' lang='lat' dir='ltr'><strong>nisu</strong></span> <span class='ocrx_word' id='word_1_366' title='bbox 733 3862 823 3911; x_wconf 84' lang='lat' dir='ltr'><strong>delent</strong></span> <span class='ocrx_word' id='word_1_367' title='bbox 834 3860 927 3924; x_wconf 86' lang='lat' dir='ltr'><strong>scripti</strong></span> <span class='ocrx_word' id='word_1_368' title='bbox 938 3874 1043 3920; x_wconf 77' lang='lat' dir='ltr'><strong>omues3</strong></span> <span class='ocrx_word' id='word_1_369' title='bbox 1059 3859 1168 3924; x_wconf 65' lang='lat' dir='ltr'><strong>perfusus</strong></span> <span class='ocrx_word' id='word_1_370' title='bbox 1178 3865 1252 3910; x_wconf 82' lang='lat' dir='ltr'><strong>extet</strong></span> <span class='ocrx_word' id='word_1_371' title='bbox 1264 3860 1289 3909; x_wconf 90' lang='lat' dir='ltr'><strong>in</strong></span> 
     </span>
    </p>
   </div>
   <div class='ocr_carea' id='block_1_7' title="bbox 1225 2907 1292 2968">
    <p class='ocr_par' dir='ltr' id='par_1_9' title="bbox 1225 2907 1292 2968">
     <span class='ocr_line' id='line_1_41' title="bbox 1225 2907 1292 2968; baseline 0.03 -14"><span class='ocrx_word' id='word_1_372' title='bbox 1225 2907 1292 2968; x_wconf 78' lang='lat' dir='ltr'><strong>liius,</strong></span> 
     </span>
    </p>
   </div>
   <div class='ocr_carea' id='block_1_8' title="bbox 691 4021 801 4074">
    <p class='ocr_par' dir='ltr' id='par_1_10' title="bbox 691 4021 801 4074">
     <span class='ocr_line' id='line_1_42' title="bbox 691 4021 801 4074; baseline -0.009 0"><span class='ocrx_word' id='word_1_373' title='bbox 691 4021 801 4074; x_wconf 77' lang='lat' dir='ltr'>NOTAE</span> 
     </span>
    </p>
   </div>
   <div class='ocr_carea' id='block_1_9' title="bbox 196 4140 1290 4359">
    <p class='ocr_par' dir='ltr' id='par_1_11' title="bbox 196 4140 1290 4359">
     <span class='ocr_line' id='line_1_43' title="bbox 231 4140 1290 4210; baseline 0 -16"><span class='ocrx_word' id='word_1_374' title='bbox 231 4145 351 4194; x_wconf 71' lang='lat' dir='ltr'><strong>*Putrssr</strong></span> <span class='ocrx_word' id='word_1_375' title='bbox 362 4143 439 4208; x_wconf 82' lang='lat' dir='ltr'><strong>resse]</strong></span> <span class='ocrx_word' id='word_1_376' title='bbox 448 4143 515 4194; x_wconf 70' lang='lat' dir='ltr'><strong>Hae</strong></span> <span class='ocrx_word' id='word_1_377' title='bbox 523 4145 608 4194; x_wconf 85' lang='lat' dir='ltr'><strong>omnis</strong></span> <span class='ocrx_word' id='word_1_378' title='bbox 618 4159 677 4210; x_wconf 89' lang='lat' dir='ltr'><strong>qure</strong></span> <span class='ocrx_word' id='word_1_379' title='bbox 689 4144 722 4193; x_wconf 86' lang='lat' dir='ltr'><strong>sd</strong></span> <span class='ocrx_word' id='word_1_380' title='bbox 795 4143 811 4174; x_wconf 75' lang='lat'><em>⁶</em></span> <span class='ocrx_word' id='word_1_381' title='bbox 827 4141 878 4193; x_wconf 85' lang='grc' dir='ltr'><strong>Αιι.</strong></span> <span class='ocrx_word' id='word_1_382' title='bbox 890 4141 929 4192; x_wconf 87' lang='grc' dir='ltr'><strong>Μ.</strong></span> <span class='ocrx_word' id='word_1_383' title='bbox 941 4144 1015 4192; x_wconf 73' lang='lat' dir='ltr'><strong>illl.</strong></span> <span class='ocrx_word' id='word_1_384' title='bbox 1031 4140 1075 4192; x_wconf 90' lang='lat' dir='ltr'><strong>Ol.</strong></span> <span class='ocrx_word' id='word_1_385' title='bbox 1085 4145 1139 4192; x_wconf 84' lang='lat'>11⁰.</span> <span class='ocrx_word' id='word_1_386' title='bbox 1150 4145 1174 4195; x_wconf 80' lang='grc'><strong>4.</strong></span> <span class='ocrx_word' id='word_1_387' title='bbox 1186 4141 1250 4194; x_wconf 82' lang='lat' dir='ltr'><strong>Urit.</strong></span> <span class='ocrx_word' id='word_1_388' title='bbox 1259 4143 1290 4202; x_wconf 84' lang='lat' dir='ltr'><strong>C.</strong></span> 
     </span>
     <span class='ocr_line' id='line_1_44' title="bbox 197 4218 1021 4286; baseline 0 -18"><span class='ocrx_word' id='word_1_389' title='bbox 197 4218 236 4268; x_wconf 84' lang='grc' dir='ltr'><strong>Μ.</strong></span> <span class='ocrx_word' id='word_1_390' title='bbox 252 4220 377 4269; x_wconf 78' lang='lat' dir='ltr'><strong>Manlium</strong></span> <span class='ocrx_word' id='word_1_391' title='bbox 396 4221 528 4286; x_wconf 81' lang='lat' dir='ltr'><strong>pertinent</strong></span> <span class='ocrx_word' id='word_1_392' title='bbox 546 4234 625 4284; x_wconf 84' lang='lat' dir='ltr'><strong>supra</strong></span> <span class='ocrx_word' id='word_1_393' title='bbox 635 4218 723 4270; x_wconf 88' lang='lat' dir='ltr'><strong>multis</strong></span> <span class='ocrx_word' id='word_1_394' title='bbox 763 4218 1021 4272; x_wconf 63' lang='lat' dir='ltr'><strong>trudonensis.</strong></span> 
     </span>
     <span class='ocr_line' id='line_1_45' title="bbox 196 4295 372 4359; baseline 0.011 -15"><span class='ocrx_word' id='word_1_395' title='bbox 196 4295 372 4359; x_wconf 78' lang='lat' dir='ltr'><strong>explicuimus.</strong></span> 
     </span>
    </p>
   </div>
   <div class='ocr_carea' id='block_1_10' title="bbox 0 0 1622 5110">
    <p class='ocr_par' dir='ltr' id='par_1_12' title="bbox 0 0 1622 5110">
     <span class='ocr_line' id='line_1_46' title="bbox 0 0 1622 5110; baseline 0 0"><span class='ocrx_word' id='word_1_396' title='bbox 0 0 1622 5110; x_wconf 95' lang='lat' dir='ltr'><strong> </strong></span> 
     </span>
    </p>
   </div>
  </div>
 </body>
</html>
