3080 5106
289 405 355 474 556
478 434 482 444 ·
597 417 755 468 vetanti
781 417 926 466 rtsxltst
954 415 1023 468 utu.
1040 417 1075 467 V.

291 566 431 644 ducitur,
440 563 586 648 plurima
599 569 634 628 et
647 563 795 628 maxima
809 561 975 628 beneficia
991 562 1167 645 accepisse
1176 571 1188 626 ι·
1206 560 1259 627 itu
1271 561 1386 646 proxi·

290 689 382 736 mum
413 666 560 753 judicari
589 664 690 730 debet
719 664 819 730 simul
849 663 1036 746 accepisse.
1090 661 1202 740 eram
1231 661 1387 746 copiosae

292 773 382 837 euim
403 767 582 834 suavitatis
605 765 665 830 illa
690 764 879 830 recordatio
904 766 971 828 est!
1015 763 1057 828 In
1078 765 1195 829 eodem
1219 763 1389 831 domicilio

292 881 469 957 autequam
493 886 656 947 nascerer,
677 866 850 934 habitari:
877 867 910 930 iu
933 864 1055 930 iisdem
1077 865 1313 947 incunabulis³
1337 867 1388 929 iu-

291 976 406 1041 iantiao
420 980 574 1056 tempora
587 970 717 1054 peregi:
739 968 873 1034 eosdem
895 967 1065 1051 appellari
1078 975 1248 1049 parentes:
1270 967 1390 1032 eadem

293 1096 355 1161 pro
368 1095 422 1142 me
435 1081 519 1140 vota
540 1073 786 1136 excubueruut:
809 1089 923 1154 parem
943 1090 986 1134 ex
1010 1069 1173 1153 majorum
1188 1069 1390 1153 imaginibus

292 1178 429 1260 gloriam
444 1175 547 1240 traxi.
591 1172 680 1237 Gara
694 1179 744 1237 est
758 1192 855 1250 uxor,
878 1172 994 1238 dulces
1009 1173 1114 1250 libori,
1122 1172 1263 1254 jucundi
1277 1172 1390 1248 amici,

295 1281 427 1362 accepti
443 1275 573 1342 affinesz
596 1274 658 1340 aed
672 1281 792 1358 postea
812 1275 960 1355 cognitis
982 1273 1075 1340 nulla
1088 1273 1319 1340 benevolentia
1332 1291 1391 1337 ac·

296 1381 441 1446 cedere⁴
460 1379 572 1457 debet,
586 1397 662 1460 quae
676 1378 819 1460 priorem
833 1375 1016 1442 exhauriat.

306 1528 311 1534 -
340 1483 371 1546 l.
393 1480 506 1564 Atque
528 1480 594 1545 hoo
615 1478 893 1562 testoScipiouo⁵
907 1476 1069 1542 Africano
1088 1476 1219 1559 loquor,
1234 1475 1294 1559 qui
1308 1481 1392 1540 tam-

298 1585 362 1650 etsi
388 1581 580 1648 arctissima
601 1580 830 1646 familiaritate
852 1579 961 1645 Lutto
977 1577 1117 1663 junctus
1130 1585 1230 1656 erat,⁸
1242 1585 1392 1642 attamen

197 1731 200 1740 ,
298 1691 449 1750 senatum
475 1683 623 1766 supplex
650 1683 767 1759 oravit,
791 1687 858 1746 ‘ne
880 1682 1063 1766 provinciae
1087 1679 1189 1745 sors⁶
1217 1679 1308 1744 imtri
1330 1697 1393 1744 suo

298 1791 411 1869 erepta
432 1785 478 1849 ad
500 1803 577 1848 eum
600 1781 860 1847 transferretur?
891 1783 1106 1866 legatumque
1130 1801 1168 1846 se
1188 1779 1226 1844 L
1242 1779 1394 1862 Scipioni

298 1888 334 1951 iu
349 1886 470 1952 Asiam
492 1885 613 1952 iturum
639 1885 809 1967 promisit3
836 1892 870 1948 et
892 1885 999 1968 major
1019 1891 1100 1948 natu
1122 1883 1252 1959 minori,
1274 1885 1308 1944 et
1326 1880 1395 1945 lor·

300 1991 451 2056 tlssimus
466 1983 639 2066 imbellia*
654 1994 688 2052 et
703 1987 807 2072 gloria
821 1987 990 2052 excellens
1004 1984 1228 2069 laudisiuopi,
1242 1988 1285 2061 et,
1301 1979 1395 2066 quod

300 2111 399 2175 super
412 2092 524 2156 omnia
535 2095 603 2168 est,
618 2091 766 2155 nondum
781 2089 948 2165 Asiatico,
959 2087 1032 2173 jam
1048 2085 1237 2152 Africanus.
1273 2084 1396 2168 Itaque

300 2192 557 2258 clarissimorum
583 2191 835 2273 cognominum8
858 2189 999 2256 alterum
1023 2189 1153 2265 sumsit,
1175 2187 1316 2254 altorum
1340 2186 1397 2251 de·

301 2294 373 2372 dit3
396 2291 618 2376 triumphique
633 2298 833 2375 praetextam
844 2291 943 2376 hujus
959 2290 1124 2374 excepit,⁹
1135 2289 1228 2353 illius
1243 2287 1395 2353 tradidit:

302 2379 488 2458 ministerio
504 2392 677 2476 aliquanto
692 2390 807 2475 major,
828 2412 928 2476 quam
943 2392 1044 2456 irater
1058 2391 1225 2476 imperto·
1235 2407 1250 2437 s

333 2577 346 2604 ·
362 2571 459 2636 itaqu
473 2570 553 2619 aare
563 2573 650 2620 verm
663 2537 826 2633 cosmon·
835 2571 863 2620 u
874 2569 987 2620 saorra
1005 2569 1032 2619 o
1041 2567 1128 2628 aaa·
1143 2571 1241 2633 roura,
1252 2568 1396 2632 alantque

297 2635 412 2696 ,dutriod
424 2635 536 2685 uictorias
544 2635 569 2683 irr
582 2633 640 2684 Aria
650 2636 812 2697 reportandus.

756 2773 933 2796 mue

304 2877 408 2940 Pighio,
420 2876 505 2926 Colat.
516 2875 595 2939 Thys.
606 2882 634 2926 et
645 2875 740 2942 Delph.
751 2876 831 2927 habet
847 2877 969 2942 plerum
1002 2880 1098 2929 Postea
1113 2875 1213 2945 aliquot
1221 2874 1298 2927 codd.
1309 2869 1401 2928 totu-

303 2943 440 2991 traria-t
457 2941 553 3004 UltraJ.
566 2947 588 2991 l.
600 2942 696 3005 copes.
708 2950 736 2991 et
745 2942 805 3008 quin
826 2956 858 2991 ue
873 2943 964 2992 Leidd.
976 2943 1155 2993 cummim-4
1172 2941 1261 2991 Codex
1270 2940 1400 2992 Pericouli

303 3007 417 3068 woidere,
427 3006 495 3070 quod
507 3006 552 3054 llle
564 3005 693 3055 malit-t
711 3005 786 3056 Harl.
802 2958 873 3056 «ieter
884 3007 1005 3070 Scipione,
1013 3015 1041 3056 et
1055 3008 1153 3056 Medic.
1166 3011 1188 3056 l.
1199 3004 1400 3066 deletlljrlcerss.

304 3070 409 3120 Deinde
420 3069 571 3131 projicietur
580 3075 633 3120 erat
642 3071 733 3133 Copor.
745 3070 824 3120 habet
832 3071 927 3120 oisetae
937 3077 990 3121 emt
997 3088 1007 3130 ,·
1024 3071 1097 3122 Laid.
1108 3075 1131 3120 7.
1142 3079 1171 3121 et
1184 3069 1314 3120 Medio-2.
1324 3071 1401 3120 rietes

304 3134 513 3184 emt-octus:
524 3133 642 3183 Perizon.
659 3149 688 3183 rre
703 3149 778 3198 porra
788 3149 898 3192 ooasorrr
915 3135 1013 3185 Medio.
1025 3141 1049 3185 1.
1065 3151 1094 3186 ae
1110 3150 1185 3198 prosa
1203 3149 1256 3184 ears
1275 3149 1335 3198 son,
1354 3135 1401 3185 sed

304 3199 463 3262 expungitur
472 3201 581 3247 orm-t
600 3197 642 3247 lta
654 3198 729 3258 Plau.
742 3213 775 3247 ex
787 3200 885 3248 conch.
896 3199 999 3251 Genrbl.
1010 3207 1039 3250 et
1058 3200 1148 3263 Csmp.
1165 3205 1192 3248 et
1208 3200 1246 3248 ita
1262 3198 1399 3250 duodecim

305 3262 382 3312 codd.
399 3263 505 3312 Torreu.
516 3270 544 3311 et
554 3263 614 3311 Vet.
626 3276 684 3311 oum
693 3261 777 3311 Aldus
789 3263 884 3327 aliique
896 3263 1056 3313 edidissent:
1074 3269 1097 3313 et
1107 3263 1265 3326 sortiuirrerre,
1285 3268 1309 3312 et
1324 3261 1398 3322 dettir

304 3340 370 3376 ursus
382 3324 616 3387 Brundulum.
628 3333 655 3374 et
666 3326 770 3377 beidi.
788 3331 810 3375 rt
821 3327 970 3386 fortissimas
987 3327 1106 3378 misulti-
1138 3327 1192 3377 Pro
1206 3333 1231 3376 et
1248 3327 1323 3387 rudos·
1338 3333 1398 3377 acts

305 3389 401 3452 nimri,
417 3389 532 3438 nonnulli
544 3388 620 3438 codd.
636 3391 744 3440 Torren.
762 3395 785 3440 et
801 3395 861 3440 sata
878 3391 954 3452 raqior
965 3392 1067 3452 juniori.
1101 3390 1208 3456 Guyeto
1228 3391 1267 3440 bis
1287 3396 1322 3452 et,
1341 3399 1402 3440 aute

305 3455 382 3514 usqior
397 3460 424 3502 et
436 3453 592 3514 sntagloria,
604 3454 741 3504 delendum
753 3455 948 3506 videtum-a
964 3457 1026 3506 vet.
1042 3457 1224 3505 mrtem
1241 3455 1403 3504 missu.-

201 3531 203 3535 ·
306 3522 323 3566 9
339 3518 465 3568 Undeoim
480 3516 555 3566 codd.
573 3519 681 3567 Torreu.
696 3533 753 3567 enm
764 3520 825 3570 Vet.
837 3521 908 3582 Mog.
921 3521 1028 3570 Venett.
1045 3527 1073 3570 et
1085 3519 1192 3570 Mediol.
1203 3523 1229 3569 8.
1244 3518 1314 3580 brim
1323 3520 1403 3584 cepit,-

307 3581 401 3645 copes.
418 3582 487 3644 trdus
496 3581 586 3645 erepit
597 3597 607 3639 ;
623 3581 697 3631 Leid.
708 3586 732 3632 d.
742 3583 811 3644 tuias
821 3585 930 3648 excepitr
946 3599 993 3634 cur
1002 3593 1118 3649 spretum
1128 3585 1163 3634 sit
1172 3585 1233 3647 repit
1243 3585 1403 3650 interrogant

805 3703 911 3756 Nota

339 3800 544 3862 *himinarius
558 3801 621 3866 erat]
637 3799 689 3852 Qui
708 3798 836 3864 Scipionis
876 3801 936 3852 duci
954 3817 1066 3866 possum,
1086 3810 1117 3854 ut
1137 3801 1242 3853 credent
1258 3801 1288 3852 L.
1304 3801 1404 3867 Scipio-

308 3880 409 3942 leqstus
431 3887 486 3930 ton
515 3878 542 3928 lu
573 3876 702 3942 ldlspauis
731 3881 785 3926 tutu
810 3875 837 3926 in
877 3891 936 3928 netu
957 3879 983 3928 id
1002 3879 1126 3945 temporis
1143 3886 1189 3929 aut
1213 3875 1341 3928 imbellem
1357 3885 1405 3926 aut

308 3953 396 4006 Africa
411 3955 494 4006 multa
509 3953 837 4019 praelsreqesreratnlr.
878 3955 968 4005 rudem
991 3957 1054 4005 artis
1072 3955 1192 4004 militaris
1211 3951 1305 4003 faiam
1334 3952 1404 4016 quod

307 4025 427 4092 Scipione
446 4030 569 4094 petierat,
587 4036 617 4079 ut
632 4031 779 4094 provincias
790 4029 837 4080 Se·
878 4029 959 4081 tradit
980 4031 1058 4080 etiem
1076 4029 1149 4094 App.
1171 4043 1229 4079 cum
1247 4027 1405 4091 lantper

309 4111 386 4152 natus
397 4107 482 4167 potios
491 4107 608 4170 arbitrio,
619 4120 696 4171 quem
703 4107 768 4158 sorti
778 4119 837 4170 per·
876 4104 939 4154 Asia
958 4112 999 4155 tot
1015 4104 1088 4156 suuis
1108 4118 1160 4154 uua
1171 4117 1229 4153 curu
1246 4101 1327 4153 fratre
1339 4103 1405 4153 mill·

308 4178 436 4234 mitteret.
878 4186 971 4230 terret.

319 4283 321 4288 ·
339 4251 351 4290 t
368 4252 521 4304 Fertisrtrsss
539 4256 637 4319 tuteli]
653 4259 704 4308 Vix
726 4271 777 4320 ego
796 4257 840 4306 ad·
910 4258 924 4286 ⁵
941 4255 993 4308 Au.
1004 4255 1042 4305 tt.
1055 4253 1182 4305 maol
1195 4257 1252 4304 lit.
1264 4256 1289 4303 8.
1300 4252 1404 4304 ΠΜ.
