3230 5092
398 428 477 474 cnr.
495 427 535 474 x.
560 427 608 475 nu
633 429 988 492 rnouunrrsrronn,
1009 420 1069 480 &c
1220 419 1285 484 783

187 569 425 649 praesentabat,
439 575 477 634 ut
491 589 604 634 eorum
620 571 806 635 miseranda
827 574 969 654 imagine
985 575 1188 639 audientium
1204 597 1284 659 pec-

187 671 312 732 toribus
326 671 459 748 inserta,
473 673 585 735 multis
603 674 797 737 voluntariae
824 677 938 737 mortis
964 674 1162 756 oppetendae
1190 681 1286 760 cupi·

190 770 327 834 dilatem
352 771 578 852 ingeneraretl
611 774 758 858 Ideoque
784 795 805 838 a
832 795 908 858 rege
936 777 1118 842 Ptolemaeo
1144 777 1284 842 ulterius

188 869 252 933 bac
267 870 307 936 de
322 893 356 937 re
371 874 530 940 disserere
546 876 736 959 prohibitus
751 883 816 941 est.
1295 885 1298 892 '

592 1095 887 1108 ῃ-

612 1263 613 1268 ’
650 1266 756 1330 CAP.
778 1268 827 1330 X.

274 1451 338 1519 DE
361 1448 804 1516 PRONUNTIATIONE
825 1450 886 1514 ἘΤ
908 1449 1036 1516 APTO
1063 1453 1202 1518 MOTU

608 1565 871 1670 CORPORIS.¹

364 1745 394 1780 tlt
411 1745 543 1782 ROMANIS.
918 1746 1046 1784 BXTERNO
1063 1748 1129 1785 litto.

213 1829 225 1872 t
244 1825 274 1874 C.
286 1821 415 1872 Graccho.
811 1820 988 1872 Demosthene
999 1822 1160 1872 Atheniensi.

210 1893 226 1936 2
244 1889 276 1938 Q.
293 1885 443 1935 Hortensio.

211 1955 226 1998 ³
246 1951 283 2000 Μ.
292 1950 384 1999 Tullio.

238 2111 499 2186 Enoounurrn
523 2113 630 2174 autem
653 2113 844 2171 ornamenta
866 2108 900 2170 in
915 2110 1180 2190 pronuntiatione
1195 2117 1308 2195 apta,·

195 2203 447 2277 etconvenienti
462 2217 580 2274 motu²
603 2209 754 2292 corporis
775 2209 975 2273 consistunt:
1000 2211 1123 2293 quibus
1148 2231 1224 2276 cuns
1252 2235 1291 2278 se

196 2314 366 2387 instruxit,
382 2313 490 2375 tribus
504 2310 614 2374 modis
638 2310 789 2373 homines
813 2310 1007 2390 aggreditur,
1031 2312 1161 2376 animos
1176 2333 1292 2378 eorum

195 2415 273 2498 ipsa
286 2411 487 2489 invadendo,
503 2413 620 2476 horum
633 2412 729 2475 elteri
753 2430 861 2488 aures,
889 2413 982 2475 alteri
1006 2414 1125 2478 oculos
1149 2417 1295 2497 permnl-

197 2514 321 2580 cendos
335 2514 520 2578 tradendo!

238 2617 270 2680 1.
293 2615 360 2679 Sed
375 2622 413 2679 ut
426 2615 612 2697 propositi³
636 2615 720 2680 fides
736 2618 770 2680 in
785 2615 938 2698 personis
955 2616 1140 2680 illustribus
1154 2617 1294 2681 exbibe-

198 2723 281 2791 atur,
308 2715 347 2777 C.
363 2715 536 2777 Gracchus
564 2718 773 2797 eloquentiae,
803 2738 903 2801 quam
929 2720 1106 2801 propositi,
1131 2719 1295 2784 felicioris

199 2814 405 2889 adolescens,
429 2812 583 2895 quoniam
610 2813 864 2893 flagrantissimo
890 2819 1035 2898 ingenio,
1069 2840 1145 2884 cum
1169 2823 1295 2905 optime

198 2915 439 2998 rempublicam
455 2914 540 2977 tueri
562 2918 691 2994 posset,
716 2917 907 2993 perturbare
927 2919 1031 2998 impie
1054 2923 1191 3000 maluit3
1213 2940 1296 3002 quo·

202 3021 264 3083 tics
276 3016 365 3100 apud
378 3015 537 3097 populum
553 3013 769 3077 concionatus
785 3020 846 3090 est,
862 3033 995 3076 servum
1012 3025 1092 3098 post
1107 3038 1144 3080 se
1158 3021 1295 3084 musice

202 3121 283 3184 artis
298 3118 439 3201 peritum
452 3115 579 3192 habuit,
600 3116 657 3198 qui
680 3114 835 3180 occulte·
857 3115 1004 3180 eburnea
1023 3117 1135 3182 fistula
1150 3105 1296 3200 pronun-

232 3309 245 3333 ·
256 3299 353 3348 Animos
362 3313 439 3348 eorum
449 3299 500 3362 ipsu
511 3298 637 3348 elocutione
648 3298 788 3361 besuense,
805 3299 886 3348 iorum
902 3299 976 3349 ubero
995 3314 1050 3350 soso
1066 3299 1126 3350 nocis
1136 3314 1213 3365 cures,
1222 3301 1296 3351 altero

199 3370 268 3428 geris
279 3364 381 3427 corporis
392 3363 467 3413 oculos
478 3363 633 3412 demulcendo.

235 3595 246 3639 l
258 3590 319 3638 Vet.
333 3590 452 3644 Qscstm
462 3591 602 3636 mrum
612 3585 646 3635 sit
656 3587 682 3634 iss
691 3585 884 3650 pronuntiatione
895 3591 919 3635 ct
927 3591 982 3650 apto
991 3592 1055 3637 motu
1063 3591 1223 3651 corporis—²
1235 3590 1296 3638 Pur.

202 3659 227 3702 t.
239 3655 265 3702 irs
275 3658 346 3704 mets.
373 3653 437 3701 Mox
448 3652 543 3713 Ultrsj.
556 3656 579 3699 1.
591 3654 615 3699 i.
629 3651 723 3714 copes.
735 3651 820 3700 Bitcr.
834 3657 861 3699 et
872 3651 942 3713 Meg.
954 3653 1037 3714 quibus
1048 3654 1089 3715 qss'
1098 3667 1131 3714 re,
1147 3655 1187 3712 ic.
1204 3655 1296 3717 reliqui

203 3732 261 3767 cuns
272 3717 332 3766 edd.
351 3724 412 3766 sutc
423 3716 498 3780 Plgb.
516 3714 598 3778 qssiin
613 3729 666 3764 csrs
680 3729 706 3764 sc
723 3714 924 3764 humanit-t
942 3715 990 3765 Sed
1005 3717 1120 3778 proponti
1139 3717 1216 3779 vulgo
1235 3727 1296 3766 ante

697 3843 803 3894 NOTAE

235 3949 247 3975 ⁸
265 3943 314 3999 Qui
323 3941 423 4004 occulte]
440 3940 525 3991 Aliter
541 3940 669 3997 Ciceroni,
685 3940 730 3989 sll-
767 3937 840 3988 brevi
851 3939 945 3990 sensim
958 3939 1146 4002 graviusculum
1158 3951 1247 4002 sonum
1259 3939 1297 3988 iu·

204 4024 245 4066 ter
263 4017 349 4068 Gellio
367 4018 463 4080 placet.
496 4017 588 4067 Cicero
599 4016 666 4065 enirn
678 4017 730 4063 Va·
766 4015 887 4079 spiraret,
916 4015 948 4063 sd
978 4013 1174 4079 deprimendum
1206 4015 1298 4064 sedan·

204 4092 268 4140 lerlo
287 4092 433 4152 couscutit;
458 4090 558 4141 Gellius
580 4106 631 4140 nou
652 4090 730 4141 item:
767 4091 880 4155 dumque
891 4091 1015 4154 impetum
1028 4090 1097 4138 illins
1109 4088 1198 4140 vocis!
1224 4089 1298 4140 Cice·

206 4166 263 4215 vult
273 4167 340 4214 enirn
352 4167 421 4216 illurn
432 4168 562 4218 bominem
575 4166 694 4216 ‘stetisse
707 4167 732 4214 iu
768 4167 823 4216 roni
837 4173 866 4216 ct
877 4166 981 4216 Valerio
1002 4163 1140 4216 subscribit
1159 4165 1298 4218 Quintilis·

204 4241 426 4292 circumstantibus
441 4242 578 4305 occultius,
592 4243 636 4306 qui
648 4241 733 4292 fistula
768 4255 815 4291 nus
827 4242 860 4292 dc
872 4241 935 4292 lust.
947 4241 1022 4292 Orat.
1035 4239 1079 4291 lib.
1090 4255 1109 4290 r.
