3230 5092
319 436 385 504 746
604 455 759 504 vrnnmr
785 454 930 528 pexam
956 456 1026 506 mn.
1050 457 1130 506 vua.

776 744 880 810 cAP.
902 745 952 812 ΙΙ.
1064 813 1066 817 ,
1159 803 1160 806 ,

421 925 486 992 DE
507 921 735 992 PRIVATIS
757 925 965 995 JUDICIIS
990 928 1301 998 INSIGNIBUS.¹

450 1113 548 1155 oureus
566 1112 703 1151 nauatae.
904 1101 966 1154 tc.
975 1103 1086 1154 Titinius
1098 1105 1293 1157 Minturnensis.

339 1195 352 1240 1
369 1192 399 1239 Τ.
411 1190 534 1240 ctendiur
544 1190 720 1240 Centumalus.
903 1172 919 1216 ⁴
936 1168 1048 1220 Quidem
1059 1170 1092 1220 οἱ)
1102 1171 1162 1236 equi
1174 1180 1305 1226 vecturam
1314 1169 1412 1232 longio-

338 1258 355 1302 2
372 1255 485 1304 Otacilia
495 1254 652 1305 Laterensis.
951 1237 1013 1281 rem.

365 1410 547 1473 Punnrcrs
572 1407 713 1491 judiciis
742 1406 900 1489 adjiciam
932 1408 1093 1493 privato,t
1129 1428 1265 1494 quornm
1301 1411 1407 1495 magis

323 1511 467 1593 aequitas
478 1512 697 1594 quaestionum
712 1503 891 1589 delectare,
906 1529 1008 1593 quam
1019 1511 1235 1577 immoderata
1248 1513 1345 1576 turba
1360 1513 1410 1576 of-

323 1611 456 1677 tendere
469 1613 631 1677 lectorem
646 1611 780 1694 poterit.

367 1713 397 1778 1.
420 1711 579 1777 Claudius
591 1712 850 1780 Centumalnst·
872 1713 916 1776 nb
932 1714 1114 1795 auguribus
1131 1712 1250 1797 jussus
1265 1715 1411 1780 altitudi-

324 1835 401 1881 nem
416 1815 537 1879 domus
551 1834 631 1892 suae,
646 1833 746 1897 quum
759 1815 794 1876 in
809 1812 919 1878 Coelio
934 1813 1067 1881 mouteb
1082 1815 1240 1894 babebat,
1265 1818 1413 1881 summit·

325 1923 406 1996 tere,
428 1917 511 2000 qula
531 1915 583 1981 bia
609 1935 654 1980 ex
678 1935 754 1980 arce
774 1917 948 1997 augurium
977 1916 1209 1999 cupientibus⁶
1234 1919 1411 1994 officiebat,

325 2017 475 2085 vendidit
489 2036 563 2082 eam
576 2017 754 2101 Calpurnio
771 2017 919 2084 Lanario
928 2025 965 2100 ς*
982 2038 1045 2083 neo
1069 2018 1230 2082 iudicavit
1244 2018 1335 2101 qnod
1349 2019 1411 2084 im-

327 2124 480 2202 peratum
503 2138 525 2182 a
547 2119 689 2202 collegio
710 2138 871 2200 augurum
885 2127 970 2184 erat.
1013 2119 1047 2184 A
1062 2122 1185 2204 quibus
1211 2118 1413 2204 Calpurnius

328 2219 478 2285 demoliri
501 2220 636 2286 domum
663 2228 813 2299 coaetus,
840 2220 889 2288 M.
913 2222 1070 2288 Porcium
1088 2222 1276 2300 Catonem,d
1298 2223 1414 2305 inclyti

782 2369 962 2392 ΝΜΟ

360 2468 373 2512 1
392 2461 459 2512 Edd.
471 2467 534 2512 vett.
544 2415 668 2514 omittunt
677 2464 825 2528 insignitur
839 2467 913 2531 Meg.
925 2461 1079 2517 tamencum
1092 2467 1169 2517 codd.
1180 2467 1289 2518 Torren.
1301 2470 1327 2519 id
1340 2476 1411 2521 tuen-

327 2531 426 2578 tum—2
442 2525 485 2576 Ita
495 2526 570 2578 codd.
580 2529 686 2579 Terrae.
697 2538 725 2579 et
737 2531 808 2594 Meg.
828 2538 925 2582 ceterae
943 2531 1004 2582 edd.
1019 2531 1116 2594 private
1127 2531 1259 2582 omittunt.
1292 2533 1356 2582 Mox
1367 2549 1414 2596 pro

326 2593 486 2654 mmmm,
502 2592 570 2656 quod
590 2592 712 2643 exhibent
731 2594 828 2644 Brund.
847 2599 871 2644 1.
884 2599 909 2645 2.
930 2610 1018 2645 omnes
1033 2593 1087 2644 iere
1102 2596 1208 2645 Torret.
1228 2603 1257 2645 et
1271 2596 1331 2647 edd.
1351 2604 1416 2648 vett.

328 2655 434 2712 Pigblua
452 2657 552 2718 tegerer
570 2670 601 2705 ex
619 2657 678 2706 Sua.
697 2665 725 2708 et
746 2660 811 2718 aliia,
827 2660 995 2723 querentium
1012 2658 1142 2719 barthius,
1159 2665 1316 2722 quorsum,-
1341 2663 1415 2724 panai

329 2717 404 2770 codd
420 2719 568 2782 questionem
586 2721 690 2771 babent.
724 2722 828 2772 Deinde
845 2725 955 2780 lectorem
975 2723 1093 2790 offenders
1113 2723 1191 2773 Aldd.
1214 2724 1297 2775 Colin.
1317 2725 1417 2791 Grypb.

328 2781 417 2846 Staplr.
438 2791 465 2834 et
483 2784 598 2835 nonnulli
617 2785 743 2835 codd-s
760 2789 767 2814 ⁸
782 2787 826 2837 Sic
844 2786 930 2852 potius
948 2789 1050 2854 scripti.
1082 2789 1173 2852 Stepb.
1191 2789 1344 2839 destinatas.
1361 2805 1417 2841 eom

327 2845 437 2896 Mediol.
458 2847 598 2912 Gryphium
618 2851 801 2914 Cestammotss,
826 2865 883 2901 erem
903 2852 968 2902 Ven.
995 2861 1023 2904 et
1047 2852 1109 2902 Asc.
1132 2853 1215 2902 colia.
1258 2854 1310 2903 Sed
1336 2853 1418 2905 didos

330 2907 490 2974 Centumalus,
505 2928 563 2962 enm
575 2913 647 2977 Meg.
657 2915 777 2964 Ciceroni
788 2921 828 2965 est
840 2917 867 2966 Τ.
879 2917 993 2967 Claudios
1001 2917 1161 2967 cantandus.
1179 2916 1223 2967 nbi
1233 2916 1292 2966 Cer.
1305 2917 1416 2978 Larrgiua

328 2983 415 3026 umen
428 2977 480 3026 l'ib.
490 2979 612 3039 malebat,
623 2986 652 3028 et
669 2979 809 3032 dubitabat
819 2995 852 3030 an
869 2996 916 3043 pro
925 2983 1075 3030 Contionatus
1086 2980 1183 3030 rectius
1193 2979 1300 3030 cenete’
1309 2982 1416 3031 Torren.

324 3043 377 3090 -d
395 3039 468 3092 Harl.
480 3043 554 3092 Leid.
566 3044 648 3108 quint.
658 3043 754 3106 Ultraj.
774 3044 847 3106 prim.
871 3044 991 3101 [amrin
1007 3044 1061 3092 Bit.
1081 3044 1156 3106 prim.
1176 3045 1293 3102 bornaim
1309 3045 1418 3094 Palatini

328 3103 405 3156 codd.
416 3105 485 3170 apud
497 3108 647 3158 Ciceronem
660 3108 736 3157 etiem
748 3107 852 3156 Lanario
864 3108 996 3170 exhibent,
1011 3107 1057 3156 sed
1071 3107 1201 3162 Gruterne
1212 3110 1317 3174 conjicit
1332 3109 1420 3173 legeu-

825 3231 931 3282 NOTAE

362 3346 374 3375 ¹
392 3341 678 3408 commemorantes]
695 3344 727 3393 Τ.
737 3345 858 3395 Claudius
897 3345 998 3410 apstia;
1014 3345 1039 3395 in
1051 3343 1160 3396 Oriente
1171 3345 1293 3407 abtinens,
1308 3346 1333 3394 ln
1346 3348 1425 3399 Oeni-

329 3419 414 3468 cento
436 3416 468 3465 ab
489 3418 544 3466 aliis
565 3419 670 3482 dicitnr,
692 3435 724 3470 es
748 3421 859 3485 patricia
898 3422 977 3473 dente
988 3422 1128 3486 poetieam
1141 3421 1258 3471 dextram
1270 3421 1295 3470 in
1307 3422 1423 3485 meridie,

330 3491 493 3542 Claudiorum
505 3503 591 3557 gente.
612 3496 778 3545 Centumalus
788 3496 857 3546 enim
896 3502 923 3550 in
935 3500 1119 3563 septemtrione
1130 3498 1276 3548 sinistram:
1295 3503 1348 3546 tum
1362 3513 1423 3550 oon·

330 3581 472 3633 cognomen
495 3576 535 3618 est
557 3570 640 3633 gentis
665 3569 775 3633 Fuluiae,
805 3585 856 3621 non
896 3576 1011 3641 elpiabat
1022 3575 1114 3636 animo,
1128 3589 1186 3639 qnae
1202 3575 1274 3636 sigua
1291 3573 1360 3623 mitti
1371 3576 1424 3625 rel·

332 3643 454 3696 Glandiur.
896 3652 943 3714 let,
959 3652 1083 3710 vultures,
1099 3657 1143 3700 aut
1155 3650 1263 3715 aquilas,
1272 3658 1318 3702 aut
1328 3652 1424 3703 celum·

362 3721 420 3772 irs
432 3723 603 3787 Coliomosls]
619 3722 668 3772 Cui
688 3738 782 3774 nomen
802 3724 856 3775 fea·
896 3727 957 3776 bas:
981 3727 1000 3775 si
1021 3726 1081 3792 quid
1109 3725 1256 3790 hujusmodi
1277 3737 1426 3794 appareret,

331 3805 385 3850 turn
397 3807 437 3850 eat
450 3815 465 3849 a
476 3801 557 3850 Coelio
567 3800 669 3851 vibens
678 3800 762 3850 Tusco
780 3801 856 3866 duee,
898 3816 951 3851 rem
964 3801 1019 3851 Diis
1035 3807 1167 3866 acceptent
1179 3817 1237 3854 esse
1251 3803 1424 3868 predicebam

331 3876 375 3939 gul
397 3876 504 3926 Romule
526 3883 618 3928 contra
638 3875 741 3927 Tatium
761 3879 857 3929 anxilio
897 3876 1188 3941 sinminuaingretam.

331 3960 455 4002 animat:
472 3969 488 4002 a
498 3953 571 4003 Tullo
583 3952 696 4003 Hostilio
712 3952 771 4005 nrbi
787 3954 858 4004 addi·
929 3951 941 3986 ⁴¹
959 3955 997 4002 Μ.
1022 3953 1132 4002 Porcium
1152 3955 1275 4018 crimem]
1297 3955 1426 4006 Saloniani

241 4083 248 4091 ¹
334 4035 375 4077 tut
386 4038 433 4079 eet.
899 4029 1005 4078 Catonia
1023 4027 1112 4092 lilium,
1127 4035 1156 4078 et
1172 4030 1304 4081 Uticensis
1316 4039 1427 4095 patrem,

362 4109 373 4135 ⁰
389 4105 524 4166 ,taurios
538 4106 693 4170 eapiastibus]
711 4106 802 4170 Augur
813 4120 857 4156 au·
900 4106 942 4168 qui
953 4103 1080 4154 Tribunus
1089 4105 1171 4168 plebia
1183 4121 1239 4156 enm
1252 4105 1353 4173 tuimet,
1365 4109 1425 4164 dum

332 4179 404 4242 garis
415 4187 538 4243 capturae
548 4181 575 4230 in
587 4195 649 4232 saxo
664 4181 776 4244 Tarpeio
788 4180 860 4228 eede·
901 4179 1045 4229 Praetorem
1057 4181 1133 4245 petit,
1150 4189 1264 4234 mortuos
1276 4191 1326 4234 eat.

334 4255 390 4318 bat,
406 4261 432 4305 et
452 4261 561 4321 qaretnnr
581 4254 607 4305 in
628 4254 688 4306 s'e'se
709 4252 863 4318 designabat
