3180 5120
336 449 402 516 882
629 463 785 512 urrunnu
810 463 954 512 nixam
979 459 1121 510 nru.1x.

224 586 229 604 ,
337 606 390 671 sit
434 603 554 682 Quem,
569 605 651 686 qnia
667 621 807 666 causam
821 602 1009 667 debitorum
1035 603 1240 684 susceperat,
1267 602 1424 668 concitati

229 785 231 788 Ι
337 725 358 768 a
373 705 411 767 1..
425 704 547 768 Cassio
562 700 816 785 tribunoplebis
842 721 902 784 pro
926 703 998 766 aede
1013 702 1208 767 Concordiae
1225 702 1425 767 sacrificium

334 804 520 880 facientem,
536 803 579 865 ab
593 803 678 884 ipsis
693 802 854 866 altaribus
876 802 991 883 sugere
1015 811 1111 868 extra
1133 804 1240 867 sorum
1264 809 1425 880 eoactum,

335 905 434 984 inque
449 901 639 966 tabemula⁸
662 901 856 978 latitantem,
870 908 1106 984 praetextatum
1120 904 1377 986 discerpserunt.
1390 920 1406 948 ·

639 1157 641 1162 .
658 1111 826 1159 Mlbl'l'Ull
853 1111 1105 1160 Romanorum.

363 1250 406 1312 ’1.
430 1247 639 1313 Detestanda
667 1246 752 1310 fori⁹
775 1246 939 1310 conditio:
961 1246 1020 1310 sed
1049 1245 1079 1310 si
1110 1252 1221 1310 castra
1249 1245 1423 1330 respicias,

334 1369 431 1432 aeqne
445 1368 567 1431 magna
579 1349 705 1412 orietur
719 1348 918 1430 indignatio.
963 1346 1048 1410 Cum
1071 1344 1109 1409 G.
1126 1346 1234 1411 Mario
1257 1347 1331 1428 lege
1349 1346 1424 1411 Sul-

334 1451 449 1532 picia,d
474 1451 649 1534 provincia
671 1449 797 1527 Asiae>
819 1456 856 1512 ut
879 1448 1037 1512 adversus
1061 1447 1286 1512 Mithridatem
1302 1448 1426 1512 bellum

334 1559 470 1633 gereret,
486 1553 620 1632 privato
636 1549 768 1612 decreta
782 1557 883 1627 esset,
905 1550 1044 1612 missum
1060 1551 1159 1613 abeo
1173 1547 1363 1613 Gratidium
1376 1550 1425 1613 le·

334 1658 449 1733 gatum
473 1650 517 1713 ad
547 1649 586 1712 L.
617 1649 745 1732 Syllam
773 1649 940 1711 consulem
962 1648 1234 1731 accipiendarum
1257 1649 1425 1731 legionum

334 1770 439 1816 causa
453 1750 575 1814 milites
589 1747 818 1813 trucidarunt:
841 1749 957 1831 procul
972 1748 1075 1814 dubio
1099 1750 1272 1832 indignati,
1293 1749 1383 1833 quod
1405 1769 1427 1813 a

335 1870 463 1916 summo
476 1851 629 1934 imperio,
653 1850 697 1914 ad
722 1869 810 1928 eum,
831 1850 890 1932 qui
906 1851 998 1914 nullo
1025 1853 1059 1914 in
1083 1852 1206 1915 honere
1230 1856 1427 1927 versaretur,

334 1955 473 2016 transire
485 1957 701 2034 cogerentur.t
746 1951 814 2015 Sed
835 1953 909 2036 quis
933 1951 1022 2017 serat
1043 1952 1182 2016 militem
1206 1952 1293 2014 scita
1318 1951 1426 2034 plebis

334 2053 439 2116 exitio
450 2053 552 2132 legati
567 2052 812 2133 corrigentem?

376 2153 408 2218 2
430 2150 500 2216 Pro
515 2152 655 2216 consule
678 2152 772 2216 istud
793 2159 863 2217 tam
888 2155 1047 2220 violenter
1061 2155 1246 2218 exercitus:
1268 2151 1355 2229 illud
1369 2151 1426 2216 ad-

332 2270 449 2316 versus
464 2253 648 2317 consulem.
693 2250 737 2330 Q.
753 2255 840 2318 enim
855 2253 1051 2338 Pompeium
1066 2254 1170 2339 Syllae
1186 2255 1359 2336 collegam,
1377 2271 1427 2316 se·

331 2357 432 2411 natus
449 2349 553 2430 jussu
567 2352 610 2413 ad
627 2352 812 2417 exercitum
827 2354 888 2417 Gn.
905 2355 1083 2436 Pompeii:
1103 2375 1203 2437 quem
1219 2353 1427 2435 aliquamdiu

331 2447 439 2532 invita
453 2446 591 2509 civitate
605 2450 786 2528 obtinebat,
799 2453 997 2515 contendere
1010 2471 1138 2526 ausum,
1150 2451 1318 2515 ambitiosi
1330 2448 1426 2513 ducis
1529 2449 1530 2452 ’

332 2545 498 2611 illecebris
513 2547 657 2628 corrupti
672 2547 809 2625 milites,
823 2549 1013 2612 sacrificare
1027 2549 1238 2629 incipientem
1254 2548 1375 2624 adorti,
1389 2549 1426 2611 in

331 2647 465 2712 modum
494 2645 615 2710 hostiae
642 2651 885 2710 mactaverunt:
899 2654 922 2684 ¹¹
954 2653 1150 2730 tantumque
1175 2647 1285 2710 scelus
1311 2648 1425 2727 Curia,

329 2747 450 2809 castris
465 2747 587 2810 cedere
604 2765 640 2809 se
655 2745 822 2826 confessa,
837 2749 974 2813 inultum
988 2748 1128 2810 habuitt

372 2845 404 2910 3.
427 2845 491 2910 Ille
505 2839 640 2931 quoqne
655 2847 827 2912 exercitus
841 2847 967 2911 nefarie
981 2847 1158 2925 violentus
1173 2847 1232 2928 qui
1246 2846 1284 2911 C.
1297 2847 1425 2913 Carbo·

774 3037 958 3060 ”numen

328 3175 377 3220 -e
392 3168 545 3218 riunena.
558 3171 581 3217 1.
591 3135 616 3218 a.
628 3167 724 3228 Uttnj.
742 3171 765 3214 ι.
776 3170 801 3215 r.
818 3167 903 3216 natur.
916 3173 937 3216 1.
956 3166 1047 3216 neree.
1058 3173 1083 3218 r.
1095 3167 1205 3216 ascens.
1217 3167 1319 3232 orypa.
1331 3134 1422 3234 sepe.

330 3241 358 3283 et
374 3233 450 3296 Pigb.
466 3233 615 3281 tabernacula
632 3231 716 3279 Celer.
732 3235 761 3277 et
778 3227 858 3293 Thyn.
876 3244 933 3278 cum
952 3230 1012 3280 edd.
1034 3237 1098 3281 vett.
1118 3233 1253 3280 latitantem
1271 3247 1323 3295 pru
1340 3232 1423 3282 tirum

325 3297 426 3357 'Ultraj.
445 3299 471 3342 7.
489 3300 518 3343 et
533 3294 623 3405 Steti-tlh.
644 3308 676 3341 ex
695 3293 841 3355 glorie—a
855 3293 888 3342 lu
904 3293 1058 3358 quibusdam
1075 3293 1134 3344 edd.
1143 3295 1197 3354 forr·
1207 3296 1316 3358 fflmnat,
1332 3305 1423 3346 contre

329 3358 404 3406 codd.
442 3357 507 3404 Mox
531 3356 557 3404 in
605 3357 650 3406 erl.
673 3357 750 3406 oritur
770 3356 975 3418 indignatio-lb
1000 3355 1074 3406 Idem
1095 3358 1178 3408 codex
1200 3373 1258 3407 cum
1278 3361 1373 3423 Ultrej.
1398 3365 1419 3408 1.

331 3419 403 3468 Aria.
421 3417 507 3468 Paulo
518 3426 578 3482 pert
587 3421 682 3485 copes.
692 3427 721 3470 et
733 3419 806 3470 Laid.
817 3425 842 3471 8.
857 3421 939 3483 gretia
955 3434 1002 3486 pro
1017 3427 1162 3473 canen—ll
1180 3421 1333 3486 Complures
1343 3421 1418 3473 codd.

820 3588 929 3639 NOTAE

363 3712 378 3742 '
386 3711 438 3762 Au.
447 3712 486 3764 M.
495 3717 569 3764 8988.
586 3712 630 3764 ol
641 3717 698 3764 172.
708 3717 733 3764 7.
748 3713 814 3765 Urb.
823 3716 852 3766 C·
894 3718 1034 3768 Proconeul
1046 3718 1148 3768 ltaliam
1157 3729 1215 3766 eum
1226 3717 1343 3767 exercltu
1354 3715 1421 3766 obti-

330 3791 387 3839 884.
404 3787 468 3840 Aut.
480 3790 527 3840 Oh.
538 3794 579 3840 88.
892 3793 988 3845 nebat:
1013 3809 1071 3858 qun
1090 3791 1228 3841 Provincia
1244 3791 1277 3842 Q,
1296 3791 1422 3856 Pompeio

361 3863 420 3916 Η).
438 3866 518 3914 Murio
534 3863 853 3929 legeSalpieiu1DeSul·
893 3869 963 3918 Rufo
985 3869 1123 3918 Consulum
1145 3866 1222 3916 alteri
1243 3867 1348 3917 decreta
1369 3873 1419 3914 ert.
1501 3905 1503 3908 .

330 3940 392 4002 picli
409 3942 621 4006 lege,eeditieue,
639 3949 723 3993 morte
739 3942 797 4005 lege
807 3941 853 3990 lib.
894 3945 968 3993 'lirun
983 3943 1091 4006 primunr
1102 3939 1222 3991 Consulis
1240 3942 1362 4005 sanguine
1373 3940 1419 3987 mi·

331 4026 351 4060 ι.
363 4029 387 4064 c.
397 4021 421 4066 t.
433 4025 534 4069 nume.
894 4019 968 4068 litum
977 4031 1064 4066 menna
1073 4015 1177 4064 imbute
1191 4024 1258 4067 scrut.

363 4087 435 4139 trin.
446 4091 484 4141 Μ.
495 4095 569 4143 abab.
587 4091 632 4143 01.
645 4094 701 4142 178.
713 4097 737 4142 l.
753 4089 852 4141 Urb.(l.
925 4098 937 4150 t
949 4091 998 4142 An.
1009 4091 1047 4142 bl.
1058 4093 1131 4142 8968.
1147 4090 1191 4143 01.
1205 4095 1261 4142 178.
1273 4094 1296 4141 l.
1313 4089 1378 4140 Urb.
1388 4089 1418 4140 C.

329 4161 387 4206 887.
403 4161 467 4212 Aut.
478 4165 524 4215 cb.
535 4171 576 4216 87.
808 4198 811 4206 ·
894 4169 950 4215 888.
968 4164 1030 4214 Ant.
1040 4163 1085 4214 Cb.
1096 4168 1138 4215 87.

361 4238 372 4265 ⁰
389 4233 436 4283 Cn.
453 4237 573 4299 Pompeia]
590 4239 782 4304 Strabonie,qui
800 4245 853 4290 tum
