3080 5106
305 423 387 471 car.
404 423 452 470 ιν.
476 423 524 472 ns
548 423 710 474 rrnrnru
734 427 772 476 rn
799 429 1009 485 senenses.
1139 421 1205 488 bil

115 567 211 640 siem
230 567 315 633 bene
335 567 526 634 finiendi¹⁶⁶
546 571 627 636 belli
649 573 815 651 inductus,
834 575 1013 658 legitimum
1034 577 1204 644 obtinendi

116 669 245 752 imperii
261 677 394 754 tempus
411 673 635 740 excessisset:
657 675 816 757 quodque
838 675 942 741 filium
957 679 1094 762 optimae
1109 679 1204 744 indo-

114 768 158 836 lis
171 770 341 854 juvenem,
353 773 478 838 rustico
500 793 603 857 opere
624 782 796 856 paratum
818 779 964 860 publicis
985 779 1100 844 usibus
1123 782 1203 846 sub-

114 873 294 938 traheret.¹⁷
336 873 379 938 Id
406 873 620 958 postquem¹⁸
652 873 826 940 Muuliusd
858 880 1056 966 adolescens
1080 899 1202 964 coguo-

114 972 175 1050 vit,
188 973 339 1055 protinus
351 973 476 1040 Urbem
488 975 596 1058 petiit,
606 983 639 1040 et
653 995 692 1042 se
706 977 740 1040 in
755 977 935 1062 Pomponii
951 981 1084 1044 domum
1099 983 1205 1064 prima

112 1071 190 1139 luce
204 1073 336 1140 direxit.
381 1075 454 1154 Qui
474 1076 670 1142 existimans
691 1077 727 1140 in
747 1077 811 1142 hoc
831 1099 907 1144 enm
923 1083 1070 1159 venisse,
1085 1089 1124 1146 ut
1145 1101 1205 1165 pu-

113 1176 174 1243 tris
188 1179 333 1256 erimine,
348 1199 371 1246 a
385 1197 451 1263 quo
472 1178 549 1260 plus
565 1177 661 1261 justo
684 1198 801 1262 aspere
817 1183 1036 1260 tractabatur,
1050 1181 1203 1260 deferret,

111 1279 272 1345 excedere
287 1301 405 1346 omnes
415 1281 520 1362 jussit
535 1279 701 1355 cubiculo,
715 1298 784 1361 quo
798 1281 949 1345 licentius
962 1285 1100 1348 remotis
1115 1283 1204 1348 arbi-

110 1378 172 1444 tris
185 1381 345 1446 iudicium
367 1385 547 1461 perageret.
591 1377 726 1442 Nactus
749 1379 962 1445 occasionem
982 1391 1204 1465 opportunam

109 1483 291 1566 proposito
311 1499 374 1544 suo
394 1477 542 1562 juvenis,
563 1478 719 1560 gladium,
739 1499 836 1562 quern
859 1487 981 1546 tectum
990 1491 1016 1532 ¹⁹
1038 1485 1204 1563 attulerat,

108 1580 302 1658 destrinxit,
315 1581 548 1663 tribunumque
563 1579 662 1642 minis
675 1598 717 1643 ac
731 1585 856 1645 terrore
868 1584 1075 1664 compulsum
1091 1585 1204 1668 jurare

108 1681 234 1764 coegit,
248 1701 270 1746 a
284 1681 390 1765 putris
406 1680 480 1764 ejus
495 1682 713 1746 accusatione
735 1701 961 1750 recessurum:
983 1703 1091 1767 eoque
1106 1685 1207 1748 effec-

109 1791 185 1850 tum
199 1790 265 1862 est,
278 1803 322 1848 ne
335 1782 530 1866 Torquatus
537 1790 566 1822 ²⁰
588 1803 724 1849 causam
747 1785 882 1852 diceret.
927 1783 1208 1850 commendabilis

107 1891 161 1950 eet
175 1887 296 1968 pietas,
313 1903 387 1968 quoe
401 1886 584 1950 mansuetis
598 1887 792 1967 parentibus
810 1895 1009 1970 praestetur:
1032 1887 1092 1951 sed
1107 1886 1208 1951 Man-

108 1987 190 2064 lius,
203 2005 273 2070 quo
294 1985 514 2051 horridiorem
534 1993 663 2069 putrem
682 1988 811 2065 babuit,
825 1988 890 2054 hoc
903 1989 1104 2054 laudabilius
1120 1988 1208 2072 peris

107 2089 189 2154 culo
202 2088 274 2173 ejus
288 2089 459 2166 subvenit,
472 2088 565 2170 qui²¹
589 2089 634 2153 ad
655 2109 733 2154 enm
749 2089 949 2172 diligendum
971 2097 1093 2174 praeter
1112 2099 1207 2158 natue

108 2187 218 2255 ralcm
242 2209 400 2267 amorem,
429 2189 523 2254 nullo
552 2188 765 2274 indulgentiae
793 2191 1014 2258 blandimento
1045 2193 1206 2258 invitatus

107 2291 243 2382 sueratss

84 2419 87 2426 ·
154 2395 186 2458 t.
209 2391 313 2458 Hauc
339 2393 499 2476 pietatem
526 2393 701 2462 aemulatus
726 2392 778 2460 M.
796 2393 860 2460 Cot
896 2401 955 2472 ‚²²⁸
975 2414 1018 2459 eo
1042 2395 1117 2480 ipso
1136 2395 1204 2474 die,

109 2513 180 2578 quc
195 2500 306 2580 togam
330 2497 449 2560 sumsit
464 2495 605 2574 uirilem,
617 2497 770 2580 protinus
789 2504 862 2566 ute
879 2496 1052 2582 Capitolio
1068 2497 1204 2562 descen·

568 2696 747 2721 “euoenon

105 2824 194 2884 qum.
226 2818 294 2869 Vide
308 2821 428 2870 Perleou.
440 2817 580 2870 Antmadr.
592 2819 665 2869 Eiet.
677 2835 703 2882 p.
714 2821 837 2868 etth-lo
852 2817 896 2866 sle
907 2816 1016 2892 Pighius
1025 2829 1057 2864 ex
1070 2815 1206 2866 (iemblec.

105 2883 256 2948 rescripsit.
290 2885 379 2934 Ceteri
389 2885 449 2933 lira
465 2891 492 2933 et
503 2883 578 2932 editt.
590 2888 692 2930 veteres
702 2881 915 2940 omneesacteadb
927 2881 976 2928 urei
985 2879 1053 2989 pund
1066 2881 1119 2928 Bit.
1129 2881 1205 2946 prirn.

105 2947 218 2998 exbibet
230 2948 366 3012 beneflendi.
400 2947 474 2996 ldem
492 2945 601 3010 Pighius
613 2943 681 3005 conj.
692 2944 843 3007 mflctendif
858 2944 936 2992 etsie
949 2945 989 2992 De
999 2942 1043 3006 plr.
1058 2951 1085 2993 et
1101 2945 1207 2994 'l'orren

103 3010 377 3076 mmpufleieudi
387 3009 448 3058 betlt.
483 3008 525 3057 Ab
540 3006 607 3056 Aldu
624 3005 770 3070 proiectum
786 3006 889 3056 videtur
903 3009 1003 3065 decute,-
1019 3003 1079 3056 edd.
1099 3008 1209 3070 antiqni-

104 3091 171 3126 ores
194 3089 254 3126 coro
276 3073 400 3123 tredecim
419 3071 496 3122 codd.
513 3071 619 3118 Terreu.
636 3070 754 3120 inductur.
787 3069 889 3120 Deinde
907 3068 1210 3120 manuductiones

103 3141 249 3204 minum
258 3136 355 3200 teperti
368 3140 477 3197 teupm
493 3133 552 3183 cod.
565 3133 682 3185 Peuma.
700 3135 807 3196 legitime
817 3135 938 3184 obliscendi
943 3150 954 3193 ,·
970 3133 1051 3184 ceterl
1062 3131 1139 3182 codd.
1151 3148 1210 3183 cunr

101 3205 187 3267 Meg.
207 3203 272 3250 utin
282 3203 429 3250 textu-ll
446 3197 534 3249 Codex
545 3199 674 3248 Perizonii
688 3199 819 3262 pellicibus
828 3199 994 3256 nbrtebcrdr
1011 3197 1057 3246 red
1067 3197 1110 3246 alii
1120 3210 1209 3248 omues

103 3267 323 3319 widmarum:
339 3262 440 3328 publicis
455 3263 535 3313 otto
552 3263 776 3313 ulmeam-rs
794 3263 862 3319 Quod
877 3278 929 3312 cerr
949 3261 1055 3312 Mulier
1067 3261 1140 3310 leid.
1152 3266 1211 3310 1.-

103 3339 141 3384 ro
159 3332 228 3382 ‘rm
239 3328 431 3380 codd.'l'orren.
444 3331 594 3378 tectu—2⁰
611 3327 655 3378 lta
665 3342 753 3377 ornnes
764 3325 959 3377 cedd.'lorreu.'
973 3331 1001 3376 ct
1019 3327 1078 3378 edd.
1096 3332 1162 3376 vett.
1181 3339 1211 3374 ac

105 3397 268 3460 Imperium
286 3393 319 3444 Pi
339 3393 364 3443 b.
384 3391 468 3444 Celer.
488 3389 567 3456 Thyn.
579 3399 606 3442 et
619 3392 777 3456 velpa—al
794 3392 838 3441 Sic
848 3397 888 3441 ert
899 3392 925 3440 in
936 3391 1120 3440 retortioribus
1132 3389 1210 3438 editis

104 3467 136 3510 et
149 3458 289 3508 duodecim
344 3471 455 3522 aquare
472 3456 611 3506 'l'orreulns
622 3455 749 3518 restituit,
765 3470 823 3506 curu
833 3455 941 3521 Pighius
953 3455 1048 3520 aliique
1059 3470 1117 3505 euru
1129 3455 1211 3503 secuti

104 3525 248 3575 dedissent
257 3522 321 3589 quta,
337 3520 675 3590 mathemathicus
692 3520 767 3572 Leid.
780 3525 803 3572 7.
819 3519 853 3571 ab
871 3520 903 3570 nl.
921 3523 1021 3572 rin—28
1037 3521 1077 3572 M.
1091 3520 1164 3568 cocto
1182 3517 1209 3570 iu

610 3685 718 3738 Now

143 3812 158 3840 ⁶
177 3803 304 3854 θωὴν
312 3802 417 3868 fiatadi
435 3800 501 3866 bella]
519 3798 594 3852 clevi
614 3798 643 3849 il-
683 3799 831 3866 inpetrem,
843 3797 959 3850 intilluru
967 3791 1210 3860 perteruinrioplut

106 3881 195 3948 genti
211 3893 291 3930 cecos
305 3879 426 3930 Dictator
445 3884 550 3928 creatur
567 3881 643 3940 erun
684 3891 798 3930 renerus.
1086 3931 1088 3938 ,

105 3955 391 4024 quodtcurcubellnm
411 3954 553 4004 Hernicum
565 3951 643 4002 affee-
717 3953 788 4010 tAn
806 3951 846 4002 Μ.
860 3953 933 4000 tm.
947 3948 1058 4000 orror.
1070 3944 1211 3998 8.Urb.C.

107 4035 323 4100 tcret‚popolus‚
333 4031 492 4095 'l‘ribtruique
501 4029 643 4094 quereletu-
685 4033 742 4079 8⁹1.
753 4031 815 4079 Aut.
823 4027 871 4077 Cb.
880 4027 939 4076 nor.

107 4119 171 4170 ter,
186 4109 293 4175 ipseque
314 4121 360 4158 neu
379 4107 414 4170 ri,
426 4119 470 4155 reu
489 4103 645 4156 verecundia
717 4111 728 4136 e
744 4103 784 4153 Μ.
796 4099 878 4164 Cotto]
897 4099 1057 4163 Nollogeeto
1068 4099 1162 4149 bonore
1174 4097 1210 4150 iu·

106 4185 184 4240 abiit
195 4185 341 4248 Dictatore,
352 4197 385 4234 ex
396 4183 471 4233 Livio
481 4181 525 4232 llb.
537 4195 588 4232 vrr.
684 4177 916 4244 nigricante.
928 4182 958 4227 et
970 4177 1000 4226 L.
1016 4177 1149 4232 (letteren
1164 4191 1210 4241 pa·

136 4261 153 4297 «Ι
173 4257 644 4327 Mardu1'l'orquetue,qnitcmplue
684 4263 736 4322 ter,
745 4255 789 4322 qui
801 4254 925 4306 consuler
935 4251 1049 4312 luerunt.
