3230 5092
309 427 375 495 782
599 444 753 500 ι’·ιιιιιιιι
778 443 921 491 ιιιιιιιιι
947 443 1114 492 crs.vur.

352 587 384 652 2.
406 586 555 650 Pericles
571 593 680 650 autem
695 587 899 651 felicissimis
911 596 936 625 ¹⁰
957 593 1083 652 naturae
1099 588 1320 667 incrementis,
1336 592 1400 670 sub

310 685 527 767 Anaxagoras·
558 697 767 770 praeceptore
793 707 921 751 summo
948 689 1059 752 studio
1083 691 1271 772 perpolitus
1293 700 1328 754 et
1350 693 1401 754 in-

311 791 465 859 structus,
493 789 607 851 liberis
630 787 834 852 Athenarum
864 789 1048 852 cervicibus
1083 787 1201 870 jugum
1234 792 1401 856 servitutis

309 887 486 969 imposuit:
509 889 574 968 egit
596 889 682 952 enim
705 889 762 952 ille
787 890 911 964 urbem,
940 896 972 951 et
997 890 1142 952 versavit
1165 892 1302 954 arbitrio
1325 912 1399 956 suo.

311 989 463 1071 Cumque
478 988 635 1053 adversus
653 990 857 1053 voluntatem
883 989 996 1071 populi
1020 990 1224 1072 loqueretur3
1251 991 1401 1072 jucunda

310 1089 535 1167 nihilominus,
562 1096 598 1152 et
618 1090 790 1173 popularis
811 1090 883 1172 ejus
909 1109 977 1153 vox
1001 1097 1082 1155 erat.
1133 1090 1251 1174 Itaque
1276 1093 1400 1154 veteris

310 1187 510 1256 comoediae*¹
535 1191 702 1254 maledica
725 1191 847 1271 lingua,
866 1191 1019 1273 quamvis
1045 1192 1227 1273 potentiam
1242 1193 1303 1255 viri
1329 1212 1401 1275 per·

309 1290 468 1373 stringere
496 1293 666 1375 cupiebat,
688 1298 796 1354 tamen
829 1293 883 1354 ‘in
911 1291 1014 1354 labris
1037 1291 1110 1374 ejus
1132 1291 1276 1355 hominis
1300 1293 1399 1355 melle

310 1393 491 1456 dulciorem
518 1391 686 1477 leporem'
722 1391 889 1457 fatebatur
926 1395 936 1426 ‘
948 1392 1114 1456 habitare:
1153 1394 1253 1475 inque
1279 1394 1400 1457 animis

310 1514 435 1572 eornm,
463 1495 519 1578 qui
547 1495 640 1558 illum
670 1493 853 1571 audierant,
885 1494 980 1577 quasi
1005 1495 1140 1558 aculeos
1163 1495 1325 1576 quosdam
1349 1514 1400 1558 re·

308 1593 430 1678 linqui'
453 1595 668 1677 praedicabat.
713 1594 830 1658 Fertur
843 1595 989 1677 quidam,
1010 1614 1084 1659 cum
1101 1595 1280 1658 admodum
1297 1616 1401 1660 senex

308 1696 426 1778 primm
442 1695 593 1760 concioni
608 1693 751 1760 Periclis
776 1695 1015 1759 adolescentuli
1038 1695 1221 1773 interesset,
1246 1696 1402 1780 idemque

303 1797 440 1880 juvenis
453 1797 665 1862 Pisistratum
675 1798 745 1881 jam
756 1783 962 1879 decrepitum
974 1797 1226 1860 concionantem
1238 1797 1400 1874 audisset,

307 1918 374 1963 non
389 1906 594 1982 temperasse
610 1901 676 1964 sibi
691 1920 759 1981 quo
775 1901 883 1962 minus
907 1899 1125 1975 exclamaret,
1149 1897 1291 1962 ‘Caveri
1306 1898 1400 1962 illurn

309 2000 415 2066 civem
446 2007 610 2084 oportere,
647 2001 735 2084 quod
762 2001 932 2064 Pisistrati
958 2001 1102 2065 orationi
1130 1999 1300 2063 simillima
1329 1999 1400 2079 ejus

309 2110 400 2166 esset
415 2101 574 2167 oratio.'¹¹
621 2103 695 2168 Nec
719 2103 883 2167 bominem
905 2110 965 2167 aut
988 2101 1170 2166 aestimatio
1185 2099 1320 2182 eloquii,
1342 2107 1402 2163 aut

307 2223 436 2267 morum
452 2205 625 2285 augurium
637 2202 766 2268 fefellit.
811 2202 903 2280 Quid
925 2203 1012 2265 enim
1037 2202 1122 2264 inter
1135 2199 1348 2263 Pisistratum
1369 2205 1402 2262 et

309 2301 475 2366 Periclem
491 2305 649 2382 interfuit,
669 2305 733 2368 nisi
749 2305 839 2387 quod
861 2304 917 2367 ille
943 2310 1102 2381 armatus,
1126 2302 1181 2365 hic
1206 2303 1277 2365 sine
1302 2301 1401 2364 armis

309 2403 511 2485 tyrannidem
525 2407 630 2485 gessit
640 2408 654 2468 t
666 2403 694 2457 ¹*

350 2505 385 2569 3·
408 2503 580 2583 Quantum
614 2506 806 2588 eloquentia
844 2508 991 2571 valuisse
1020 2506 1214 2588 Hegesiam,
1244 2502 1401 2586 Cyrenai·

310 2614 415 2670 cumm
438 2607 685 2690 philosophum,
712 2608 920 2685 arbitramur,
948 2609 1004 2691 qui
1026 2611 1076 2672 sic
1101 2607 1191 2672 mala
1214 2605 1291 2670 vitae
1304 2610 1328 2640 ¹²
1350 2623 1400 2667 re-

763 2766 779 2787 δ
795 2769 943 2790 oannem

304 2883 464 2942 felicissimus.
498 2881 571 2932 ldem
583 2883 745 2946 paulopost:
762 2881 826 2931 illam
838 2882 918 2932 urbem
928 2889 952 2933 et
963 2884 1073 2934 cesavit.-
1096 2883 1157 2932 Par.
1168 2888 1192 2931 1.
1204 2887 1231 2931 2.
1242 2881 1322 2931 Barb.
1337 2885 1360 2930 1.
1371 2884 1398 2928 el

309 2949 370 2997 Vet.
383 2949 461 2996 etiarn
480 2947 618 2996 uam-11
635 2948 720 3008 Volgo
731 2954 791 2996 ante
804 2946 922 3009 Piglrinm
934 2949 1081 3011 legebatur,
1091 2948 1159 3005 soret
1169 2946 1264 3001 aratia,-
1280 2945 1326 2992 sed
1338 2949 1398 2992 esset

307 3011 404 3062 lrabeat
414 3013 479 3061 illas.
491 3019 518 3060 et
530 3012 602 3074 Mag.
613 3019 639 3059 er
651 3011 758 3060 Medici.
793 3010 824 3059 ln
842 3011 893 3059 line
910 3025 956 3072 pro
968 3009 1086 3069 interjicit,
1097 3008 1211 3057 nonnulli
1222 3009 1321 3056 interest
1333 3019 1399 3070 pra-

305 3074 466 3126 ferunt.-12
483 3077 575 3138 Copes.
586 3076 655 3136 liuius
665 3075 729 3124 aitae.
763 3074 861 3122 Postea
874 3075 991 3137 plerique
1009 3075 1071 3122 Mas.
1090 3073 1173 3120 martir
1187 3073 1333 3135 appetenda,
1349 3085 1399 3119 non

309 3143 451 3203 appendo,
465 3140 535 3204 qnod
547 3147 588 3188 est
599 3141 625 3189 in
639 3140 734 3202 Utrnj.
751 3143 776 3186 2.
788 3138 832 3187 sed
845 3136 938 3199 Ultraj.
952 3143 975 3186 1.
987 3137 1079 3186 babet:
1098 3138 1254 3187 catemariam
1267 3136 1349 3185 martia
1359 3149 1400 3198 ap

306 3207 430 3266 peteadoe3
446 3213 473 3253 et
485 3205 522 3254 sic
533 3204 593 3251 Vel.

799 3296 907 3348 NOTAE

311 3417 402 3464 auctor
413 3418 453 3460 est
464 3410 555 3460 Cicero
566 3411 600 3461 de
611 3409 683 3461 Orat.
694 3412 739 3461 lib.
751 3425 794 3460 ιιι.
872 3413 928 3462 sitia
948 3416 976 3462 et
992 3411 1138 3474 eloquentia
1153 3410 1281 3460 excellens
1293 3407 1399 3472 quadra·

342 3486 357 3515 ⁸
373 3486 424 3536 An.
436 3487 476 3534 Μ.
486 3490 560 3535 alea.
578 3486 621 3536 01.
633 3491 674 3536 1111.
682 3493 706 3536 t.
728 3487 792 3538 Urb.
805 3487 836 3536 C.
872 3491 944 3552 ginta
963 3489 1036 3538 annis
1055 3486 1161 3552 praefuit
1178 3485 1304 3544 Athenie3
1320 3492 1400 3532 etur·

311 3565 366 3610 187.
383 3560 446 3610 Ant.
457 3562 504 3610 ct.
516 3565 573 3610 11611.
872 3563 945 3613 banis
964 3563 1057 3613 eodem
1075 3572 1192 3626 tempora
1207 3568 1234 3608 et
1251 3559 1350 3608 bellicis
1362 3572 1399 3606 re·

339 3633 519 3698 timagora]
541 3634 609 3686 Vide
630 3636 674 3686 lib.
696 3650 721 3687 r.
751 3651 775 3686 e.
798 3639 837 3687 lo.
873 3637 929 3687 bars.
969 3638 1012 3688 lta
1032 3638 1125 3688 Cicero
1146 3636 1179 3685 de
1198 3636 1273 3685 Orat.
1296 3635 1340 3682 lib.
1358 3647 1401 3682 ιιι.

310 3714 374 3780 nfgt.
393 3721 421 3763 et
433 3713 465 3763 de
477 3713 579 3763 Pericle
590 3714 636 3764 lib.
648 3729 680 3764 ιι.
695 3729 718 3764 c.
730 3720 754 3764 6.
873 3715 917 3779 qui
938 3716 1030 3766 eadem
1052 3715 1166 3777 omuino,
1191 3729 1249 3779 quar
1272 3713 1401 3775 Valerius,

343 3789 355 3824 ¹²
375 3791 468 3842 Veteris
478 3790 607 3854 comeum]
624 3791 697 3843 Quod
711 3792 748 3840 hia
758 3792 835 3841 rarsi·
872 3789 960 3840 habet.

309 3867 357 3917 bus
377 3867 440 3917 lusit
460 3867 585 3918 Horatius
608 3869 663 3917 Sat.
682 3867 727 3917 lib.
745 3881 765 3916 ι.
790 3867 837 3916 ‘Si
907 3867 984 3918 tAn.
994 3868 1032 3918 M.
1044 3871 1118 3916 totu.
1145 3865 1273 3916 olam.
1299 3865 1401 3915 Urb.C.

309 3944 364 4006 quir
376 3950 434 3993 erat
445 3943 536 4007 dignus
547 3943 667 4006 describi,
688 3945 731 4007 qui
748 3944 837 4005 malus,
872 3947 929 3992 sut.
952 3941 1015 3992 Ant.
1029 3943 1076 3992 Ch.
1087 3945 1145 3992 eal.

308 4017 416 4081 sulfur,
432 4019 695 4082 Autmoechurforel,
710 4025 754 4069 aut
772 4019 837 4067 alca·
903 4025 921 4050 ¹¹¹
947 4017 1113 4080 Cyrenaicum]
1146 4017 1284 4082 Cyrenaici
1313 4029 1402 4064 ornnes

311 4093 373 4154 riur,
399 4102 444 4144 aut
473 4097 570 4162 alioqui
601 4099 733 4156 ramosus,
756 4093 837 4142 multa
872 4092 1022 4155 Philosophi
1033 4093 1066 4142 ab
1076 4091 1222 4156 Aristippo,
1239 4090 1283 4154 qui
1300 4089 1402 4154 Cyrene

310 4183 367 4219 eum
380 4169 500 4221 libertate
512 4173 653 4223 notabant!
872 4167 995 4218 oriundus
1007 4174 1072 4230 erat,
1086 4163 1270 4232 profluxerant.

343 4244 350 4278 ¹
363 4246 521 4310 tyrannidem
529 4249 614 4311 garrit]
631 4246 767 4308 Doctrina,
777 4259 836 4296 can-
